
<marc:record><marc:leader>01479cpcaa2200265Ia 4500</marc:leader>
<marc:controlfield tag="001">001662440</marc:controlfield>
<marc:controlfield tag="005">20130926164159.0</marc:controlfield><marc:controlfield tag="008">950116i18871933mdu                 eng d</marc:controlfield><marc:datafield tag="035" ind1=" " ind2=" "><marc:subfield code="a">31822652</marc:subfield></marc:datafield><marc:datafield tag="040" ind1=" " ind2=" "><marc:subfield code="a">NDK</marc:subfield><marc:subfield code="b">eng</marc:subfield><marc:subfield code="c">NDK</marc:subfield><marc:subfield code="d">OCLCQ</marc:subfield><marc:subfield code="d">OCLCG</marc:subfield><marc:subfield code="d">OCLCQ</marc:subfield><marc:subfield code="d">NDD</marc:subfield></marc:datafield><marc:datafield tag="049" ind1=" " ind2=" "><marc:subfield code="a">NDDP</marc:subfield></marc:datafield><marc:datafield tag="100" ind1="1" ind2=" "><marc:subfield code="a">Welch, William Henry,</marc:subfield><marc:subfield code="d">1850-1934.</marc:subfield></marc:datafield><marc:datafield tag="245" ind1="1" ind2="0"><marc:subfield code="a">Correspondence,</marc:subfield><marc:subfield code="f">1887-1933.</marc:subfield></marc:datafield><marc:datafield tag="300" ind1=" " ind2=" "><marc:subfield code="a">24</marc:subfield><marc:subfield code="f">items.</marc:subfield></marc:datafield><marc:datafield tag="545" ind1=" " ind2=" "><marc:subfield code="a">U.S. physician, scientist, and educator.</marc:subfield></marc:datafield><marc:datafield tag="520" ind1="8" ind2=" "><marc:subfield code="a">A group of letters spanning Welch's career, chiefly written to him, but including one early 1887 letter returning a revised manuscript to Dr. Canfield. One notable letter introducing Welch, then at Johns Hopdkins, to Congressman Robert Bremner, is signed by Woodrow Wilson from the White House in 1913. Includes many pieces of correspondence to and from Wilburt C. Davison of the Duke University School of Medicine, including a 1933 telegram to Welch on the occasion of the 2nd anniversary.</marc:subfield></marc:datafield><marc:datafield tag="555" ind1=" " ind2=" "><marc:subfield code="a">Finding aid available in repository and online.</marc:subfield></marc:datafield><marc:datafield tag="500" ind1=" " ind2=" "><marc:subfield code="a">Forms part of the Trent Manuscripts Collection.</marc:subfield></marc:datafield><marc:datafield tag="600" ind1="1" ind2="0"><marc:subfield code="a">Welch, William Henry,</marc:subfield><marc:subfield code="d">1850-1934.</marc:subfield></marc:datafield><marc:datafield tag="600" ind1="1" ind2="0"><marc:subfield code="a">Davison, Wilburt Cornell,</marc:subfield><marc:subfield code="d">1892-1972.</marc:subfield></marc:datafield><marc:datafield tag="610" ind1="2" ind2="0"><marc:subfield code="a">Duke University.</marc:subfield><marc:subfield code="b">School of Medicine</marc:subfield><marc:subfield code="x">Faculty.</marc:subfield></marc:datafield><marc:datafield tag="610" ind1="2" ind2="0"><marc:subfield code="a">Duke University.</marc:subfield><marc:subfield code="b">School of Medicine</marc:subfield><marc:subfield code="x">History.</marc:subfield></marc:datafield><marc:datafield tag="650" ind1=" " ind2="0"><marc:subfield code="a">Physicians</marc:subfield><marc:subfield code="v">Correspondence.</marc:subfield></marc:datafield><marc:datafield tag="710" ind1="2" ind2=" "><marc:subfield code="a">History of Medicine Collections (Duke University)</marc:subfield></marc:datafield><marc:datafield tag="856" ind1="4" ind2="2"><marc:subfield code="y">Collection guide</marc:subfield><marc:subfield code="u">http://library.duke.edu/rubenstein/findingaids/trenthommss/</marc:subfield></marc:datafield></marc:record>