
<marc:record><marc:leader>03059cpcaa2200553Ia 4500</marc:leader>
<marc:controlfield tag="001">001671339</marc:controlfield>
<marc:controlfield tag="005">20131011103649.0</marc:controlfield><marc:controlfield tag="008">950203i17831841xxu                 eng d</marc:controlfield><marc:datafield tag="024" ind1="8" ind2=" "><marc:subfield code="a">waterhouseben</marc:subfield><marc:subfield code="d">DUKEPLEAD</marc:subfield></marc:datafield><marc:datafield tag="035" ind1=" " ind2=" "><marc:subfield code="a">31930993</marc:subfield></marc:datafield><marc:datafield tag="040" ind1=" " ind2=" "><marc:subfield code="a">NDK</marc:subfield><marc:subfield code="b">eng</marc:subfield><marc:subfield code="c">NDK</marc:subfield><marc:subfield code="d">OCL</marc:subfield><marc:subfield code="d">OCLCQ</marc:subfield><marc:subfield code="d">OCLCG</marc:subfield><marc:subfield code="d">OCLCQ</marc:subfield><marc:subfield code="d">NDD</marc:subfield><marc:subfield code="d">OCLCO</marc:subfield><marc:subfield code="d">NDD</marc:subfield></marc:datafield><marc:datafield tag="049" ind1=" " ind2=" "><marc:subfield code="a">NDDP</marc:subfield></marc:datafield><marc:datafield tag="100" ind1="1" ind2=" "><marc:subfield code="a">Waterhouse, Benjamin,</marc:subfield><marc:subfield code="d">1754-1846.</marc:subfield></marc:datafield><marc:datafield tag="245" ind1="1" ind2="0"><marc:subfield code="a">Benjamin Waterhouse papers,</marc:subfield><marc:subfield code="f">1783-1841 and undated.</marc:subfield></marc:datafield><marc:datafield tag="300" ind1=" " ind2=" "><marc:subfield code="a">Approx. 250</marc:subfield><marc:subfield code="f">items</marc:subfield><marc:subfield code="a">(.5</marc:subfield><marc:subfield code="f">lin. ft.)</marc:subfield></marc:datafield><marc:datafield tag="545" ind1=" " ind2=" "><marc:subfield code="a">U.S. physician; pioneer of vaccination in U.S.</marc:subfield></marc:datafield><marc:datafield tag="520" ind1="8" ind2=" "><marc:subfield code="a">Collection chiefly consists of photostatic copies of correspondence written to Waterhouse, and brings together material from various U. S. collections. Includes some original letters acquired by Duke University. The bulk of the material, correspondence and minutes of meetings of the Corporation of Harvard College, relates to vaccination and Waterhouse's removal from his Harvard professorship. Correspondents include: J. Warren, J.C. Warren, J. Jackson, J. Gorham, W. Jenks, J.R. Coxe, B. Lincoln, S. Williams, J. Sullivan, B. Silliman, J. Redman, W. Cogswell, J. Lathrop, J. Monroe, J. T. Kirkland, H. Dearborn, H.A.S. Dearborn, J. Tilton, J. Winthrop, T. Jefferson, D. Webster, J. Sparks, L. Cass, and R. Elton. Collection also includes photostatic copy of Waterhouse's 1794 journal describing a trip to Saratoga Springs. Forms part of the Trent Manuscripts Collection and was acquired as part of the History of Medicine Collections at Duke University.</marc:subfield></marc:datafield><marc:datafield tag="541" ind1=" " ind2=" "><marc:subfield code="a">Source unknown.</marc:subfield></marc:datafield><marc:datafield tag="500" ind1=" " ind2=" "><marc:subfield code="a">Forms part of the Trent Manuscripts Collection.</marc:subfield></marc:datafield><marc:datafield tag="555" ind1="8" ind2=" "><marc:subfield code="a">Finding aid available in repository and online.</marc:subfield></marc:datafield><marc:datafield tag="600" ind1="1" ind2="0"><marc:subfield code="a">Waterhouse, Benjamin,</marc:subfield><marc:subfield code="d">1754-1846.</marc:subfield></marc:datafield><marc:datafield tag="600" ind1="1" ind2="0"><marc:subfield code="a">Warren, John,</marc:subfield><marc:subfield code="d">1753-1815.</marc:subfield></marc:datafield><marc:datafield tag="600" ind1="1" ind2="0"><marc:subfield code="a">Warren, John Collins,</marc:subfield><marc:subfield code="d">1778-1856.</marc:subfield></marc:datafield><marc:datafield tag="600" ind1="1" ind2="0"><marc:subfield code="a">Jackson, James,</marc:subfield><marc:subfield code="d">1777-1867.</marc:subfield></marc:datafield><marc:datafield tag="600" ind1="1" ind2="0"><marc:subfield code="a">Gorham, John,</marc:subfield><marc:subfield code="d">1783-1829.</marc:subfield></marc:datafield><marc:datafield tag="600" ind1="1" ind2="0"><marc:subfield code="a">Jenks, William,</marc:subfield><marc:subfield code="d">1778-1866.</marc:subfield></marc:datafield><marc:datafield tag="600" ind1="1" ind2="0"><marc:subfield code="a">Coxe, John Redman,</marc:subfield><marc:subfield code="d">1773-1864.</marc:subfield></marc:datafield><marc:datafield tag="600" ind1="1" ind2="0"><marc:subfield code="a">Lincoln, Benjamin,</marc:subfield><marc:subfield code="d">1733-1810.</marc:subfield></marc:datafield><marc:datafield tag="600" ind1="1" ind2="0"><marc:subfield code="a">Williams, Samuel,</marc:subfield><marc:subfield code="d">1743-1817.</marc:subfield></marc:datafield><marc:datafield tag="600" ind1="1" ind2="0"><marc:subfield code="a">Sullivan, James,</marc:subfield><marc:subfield code="d">1744-1808.</marc:subfield></marc:datafield><marc:datafield tag="600" ind1="1" ind2="0"><marc:subfield code="a">Silliman, Benjamin,</marc:subfield><marc:subfield code="d">1779-1864.</marc:subfield></marc:datafield><marc:datafield tag="600" ind1="1" ind2="0"><marc:subfield code="a">Redman, John,</marc:subfield><marc:subfield code="d">1722-1808.</marc:subfield></marc:datafield><marc:datafield tag="600" ind1="1" ind2="0"><marc:subfield code="a">Cogswell, William,</marc:subfield><marc:subfield code="d">1787-1850.</marc:subfield></marc:datafield><marc:datafield tag="600" ind1="1" ind2="0"><marc:subfield code="a">Lathrop, John,</marc:subfield><marc:subfield code="d">1740-1816.</marc:subfield></marc:datafield><marc:datafield tag="600" ind1="1" ind2="0"><marc:subfield code="a">Monroe, James,</marc:subfield><marc:subfield code="d">1758-1831.</marc:subfield></marc:datafield><marc:datafield tag="600" ind1="1" ind2="0"><marc:subfield code="a">Kirkland, John Thornton,</marc:subfield><marc:subfield code="d">1770-1840.</marc:subfield></marc:datafield><marc:datafield tag="600" ind1="1" ind2="0"><marc:subfield code="a">Dearborn, Henry,</marc:subfield><marc:subfield code="d">1751-1829.</marc:subfield></marc:datafield><marc:datafield tag="600" ind1="1" ind2="0"><marc:subfield code="a">Dearborn, H. A. S.</marc:subfield><marc:subfield code="q">(Henry Alexander Scammell),</marc:subfield><marc:subfield code="d">1783-1851.</marc:subfield></marc:datafield><marc:datafield tag="600" ind1="1" ind2="0"><marc:subfield code="a">Tilton, James,</marc:subfield><marc:subfield code="d">1745-1822.</marc:subfield></marc:datafield><marc:datafield tag="600" ind1="1" ind2="0"><marc:subfield code="a">Winthrop, James,</marc:subfield><marc:subfield code="d">1752-1821.</marc:subfield></marc:datafield><marc:datafield tag="600" ind1="1" ind2="0"><marc:subfield code="a">Jefferson, Thomas,</marc:subfield><marc:subfield code="d">1743-1826.</marc:subfield></marc:datafield><marc:datafield tag="600" ind1="1" ind2="0"><marc:subfield code="a">Webster, Daniel,</marc:subfield><marc:subfield code="d">1782-1852.</marc:subfield></marc:datafield><marc:datafield tag="600" ind1="1" ind2="0"><marc:subfield code="a">Sparks, Jared,</marc:subfield><marc:subfield code="d">1789-1866.</marc:subfield></marc:datafield><marc:datafield tag="600" ind1="1" ind2="0"><marc:subfield code="a">Cass, Lewis,</marc:subfield><marc:subfield code="d">1782-1866.</marc:subfield></marc:datafield><marc:datafield tag="600" ind1="1" ind2="0"><marc:subfield code="a">Elton, Romeo,</marc:subfield><marc:subfield code="d">1790-1870.</marc:subfield></marc:datafield><marc:datafield tag="650" ind1=" " ind2="0"><marc:subfield code="a">Physicians</marc:subfield><marc:subfield code="v">Correspondence.</marc:subfield></marc:datafield><marc:datafield tag="650" ind1=" " ind2="0"><marc:subfield code="a">Vaccination</marc:subfield><marc:subfield code="x">History.</marc:subfield></marc:datafield><marc:datafield tag="710" ind1="2" ind2=" "><marc:subfield code="a">History of Medicine Collections (Duke University)</marc:subfield></marc:datafield><marc:datafield tag="856" ind1="4" ind2="2"><marc:subfield code="y">Collection guide</marc:subfield><marc:subfield code="u">http://library.duke.edu/rubenstein/findingaids/waterhouseben/</marc:subfield></marc:datafield></marc:record>