
<marc:record><marc:leader>00618cpm a2200205Ka 4500</marc:leader>
<marc:controlfield tag="001">002164987</marc:controlfield>
<marc:controlfield tag="003">OCoLC</marc:controlfield><marc:controlfield tag="005">20121130143227.0</marc:controlfield><marc:controlfield tag="008">960904s1893    enk                 eng d</marc:controlfield><marc:datafield tag="035" ind1=" " ind2=" "><marc:subfield code="a">35359657</marc:subfield></marc:datafield><marc:datafield tag="040" ind1=" " ind2=" "><marc:subfield code="a">NDK</marc:subfield><marc:subfield code="c">NDK</marc:subfield></marc:datafield><marc:datafield tag="049" ind1=" " ind2=" "><marc:subfield code="a">NDNX</marc:subfield></marc:datafield><marc:datafield tag="096" ind1=" " ind2=" "><marc:subfield code="a">x</marc:subfield></marc:datafield><marc:datafield tag="100" ind1="1" ind2=" "><marc:subfield code="a">Startin, James,</marc:subfield><marc:subfield code="d">1851-1910.</marc:subfield></marc:datafield><marc:datafield tag="245" ind1="1" ind2="0"><marc:subfield code="a">Letter,</marc:subfield><marc:subfield code="f">1893, Nov. 3,</marc:subfield><marc:subfield code="b">[London].</marc:subfield></marc:datafield><marc:datafield tag="300" ind1=" " ind2=" "><marc:subfield code="a">1</marc:subfield><marc:subfield code="f">item.</marc:subfield></marc:datafield><marc:datafield tag="545" ind1=" " ind2=" "><marc:subfield code="a">English dermatologist.</marc:subfield></marc:datafield><marc:datafield tag="500" ind1=" " ind2=" "><marc:subfield code="a">Forms part of the Trent Manuscripts Collection.</marc:subfield></marc:datafield><marc:datafield tag="520" ind1="8" ind2=" "><marc:subfield code="a">ALS. Thanks the editor of a periodical for printing a notice of his lecture.</marc:subfield></marc:datafield><marc:datafield tag="710" ind1="2" ind2=" "><marc:subfield code="a">History of Medicine Collections (Duke University)</marc:subfield></marc:datafield></marc:record>