
<marc:record><marc:leader>01347cpc a2200229Ia 4500</marc:leader>
<marc:controlfield tag="001">002164680</marc:controlfield>
<marc:controlfield tag="003">OCoLC</marc:controlfield><marc:controlfield tag="005">20121128155223.0</marc:controlfield><marc:controlfield tag="008">960830i17961800gi                  eng d</marc:controlfield><marc:datafield tag="035" ind1=" " ind2=" "><marc:subfield code="a">35328857</marc:subfield></marc:datafield><marc:datafield tag="040" ind1=" " ind2=" "><marc:subfield code="a">NDK</marc:subfield><marc:subfield code="c">NDK</marc:subfield></marc:datafield><marc:datafield tag="049" ind1=" " ind2=" "><marc:subfield code="a">NDNX</marc:subfield></marc:datafield><marc:datafield tag="096" ind1=" " ind2=" "><marc:subfield code="a">x</marc:subfield></marc:datafield><marc:datafield tag="100" ind1="1" ind2=" "><marc:subfield code="a">St. Vincent, John Jervis,</marc:subfield><marc:subfield code="c">Viscount,</marc:subfield><marc:subfield code="d">1735-1823.</marc:subfield></marc:datafield><marc:datafield tag="245" ind1="1" ind2="0"><marc:subfield code="a">Papers,</marc:subfield><marc:subfield code="f">1796-1800.</marc:subfield></marc:datafield><marc:datafield tag="300" ind1=" " ind2=" "><marc:subfield code="a">59</marc:subfield><marc:subfield code="f">items.</marc:subfield></marc:datafield><marc:datafield tag="545" ind1=" " ind2=" "><marc:subfield code="a">Admiral of the Blue and Commander-in-Chief, British Navy.</marc:subfield></marc:datafield><marc:datafield tag="500" ind1=" " ind2=" "><marc:subfield code="a">Forms part of the Trent Manuscripts Collection.</marc:subfield></marc:datafield><marc:datafield tag="520" ind1="8" ind2=" "><marc:subfield code="a">Papers relate to the British naval hospital at Gibraltar and include weekly reports on the state of the hospital at Port Mahon, signed by John Gray, surgeon; list of gratuitous medicines, signed by Gray; account of lemons issued, signed by Gray; returns of the sick and wounded, signed by J. Gardiner, surgeon; reports on the state of the naval hospital at Gibraltar, signed by John Weir and Edward Vaughan; lists of hospital expenditures, and correspondence. Correspondents include St. Vincent, Captain Duckworth, Weir, Vaughan, R. Blair, W. Gibbons, J. Johnston, and Gilbert Blane, Henry Semple, from the French surgeons on the Luise Cherie, and printed material.</marc:subfield></marc:datafield><marc:datafield tag="650" ind1=" " ind2="2"><marc:subfield code="a">Military Medicine</marc:subfield><marc:subfield code="y">18th cent.</marc:subfield></marc:datafield><marc:datafield tag="710" ind1="2" ind2=" "><marc:subfield code="a">History of Medicine Collections (Duke University)</marc:subfield></marc:datafield><marc:datafield tag="700" ind1="1" ind2=" "><marc:subfield code="a">Blane, Gilbert,</marc:subfield><marc:subfield code="c">Sir,</marc:subfield><marc:subfield code="d">1749-1834.</marc:subfield></marc:datafield></marc:record>