
<marc:record><marc:leader>01166cpc a2200193Ia 4500</marc:leader>
<marc:controlfield tag="001">002164685</marc:controlfield>
<marc:controlfield tag="003">OCoLC</marc:controlfield><marc:controlfield tag="005">20121128161018.0</marc:controlfield><marc:controlfield tag="008">960830i18331872nyu                 eng d</marc:controlfield><marc:datafield tag="035" ind1=" " ind2=" "><marc:subfield code="a">35329020</marc:subfield></marc:datafield><marc:datafield tag="040" ind1=" " ind2=" "><marc:subfield code="a">NDK</marc:subfield><marc:subfield code="c">NDK</marc:subfield></marc:datafield><marc:datafield tag="049" ind1=" " ind2=" "><marc:subfield code="a">NDNX</marc:subfield></marc:datafield><marc:datafield tag="096" ind1=" " ind2=" "><marc:subfield code="a">x</marc:subfield></marc:datafield><marc:datafield tag="100" ind1="1" ind2=" "><marc:subfield code="a">Sayer, John Lathrop,</marc:subfield><marc:subfield code="d">1819-</marc:subfield></marc:datafield><marc:datafield tag="245" ind1="1" ind2="0"><marc:subfield code="a">Papers,</marc:subfield><marc:subfield code="f">1833-1872.</marc:subfield></marc:datafield><marc:datafield tag="300" ind1=" " ind2=" "><marc:subfield code="a">13</marc:subfield><marc:subfield code="f">items.</marc:subfield></marc:datafield><marc:datafield tag="545" ind1=" " ind2=" "><marc:subfield code="a">Patient at the New York St. Asylum, Utica, New York.</marc:subfield></marc:datafield><marc:datafield tag="520" ind1="8" ind2=" "><marc:subfield code="a">Papers consist of three types of material: correspondence, loose manuscript leaves, and ms. notebooks. Correspondence consists of letters written by Sayer, his wife, Sarah A. Sayer, and the Superintendent at the Asylum, John Gray, during Sayer's stay at the Asylum. Loose manuscripts consist of miscellaneous notes, a poem, Sayer's teacher certification, and the school lists of both Sayer and his wife, then Sarah Ann Bennet. Notebooks: &quot;Sketches of life&quot; (a journal, tp., 23 pp., 1842-1859); &quot;A book intended for writings&quot; (notebook of essays and poems, tp., 23 pp., 1837); and an algebra notebook (tp., 85 pp., 1833) with notes on town bonds at the end (3 pp., 1872).</marc:subfield></marc:datafield><marc:datafield tag="710" ind1="2" ind2=" "><marc:subfield code="a">History of Medicine Collections (Duke University)</marc:subfield></marc:datafield></marc:record>