
<marc:record><marc:leader>01587cpm a2200253Ia 4500</marc:leader>
<marc:controlfield tag="001">001662422</marc:controlfield>
<marc:controlfield tag="003">OCoLC</marc:controlfield><marc:controlfield tag="005">20131112152035.0</marc:controlfield><marc:controlfield tag="008">950106s1784    pau                 eng d</marc:controlfield><marc:datafield tag="035" ind1=" " ind2=" "><marc:subfield code="a">31775888</marc:subfield></marc:datafield><marc:datafield tag="040" ind1=" " ind2=" "><marc:subfield code="a">NDK</marc:subfield><marc:subfield code="c">NDK</marc:subfield></marc:datafield><marc:datafield tag="049" ind1=" " ind2=" "><marc:subfield code="a">NDNX</marc:subfield></marc:datafield><marc:datafield tag="096" ind1=" " ind2=" "><marc:subfield code="a">x</marc:subfield></marc:datafield><marc:datafield tag="100" ind1="1" ind2=" "><marc:subfield code="a">Rush, Benjamin,</marc:subfield><marc:subfield code="d">1746-1813.</marc:subfield></marc:datafield><marc:datafield tag="245" ind1="1" ind2="0"><marc:subfield code="a">Benjamin Rush letter,</marc:subfield><marc:subfield code="f">1784, June 25,</marc:subfield><marc:subfield code="b">to John Bayard.</marc:subfield></marc:datafield><marc:datafield tag="300" ind1=" " ind2=" "><marc:subfield code="a">1</marc:subfield><marc:subfield code="f">item.</marc:subfield></marc:datafield><marc:datafield tag="545" ind1=" " ind2=" "><marc:subfield code="a">Physician of Philadelphia and American Revolutionary patriot.</marc:subfield></marc:datafield><marc:datafield tag="520" ind1="8" ind2=" "><marc:subfield code="a">A copy, in an unknown hand, of a letter from Rush to Bayard regarding sentiments expressed in an earlier letter to General John Armstrong. The letter reflects post-revolutionary state politics in Pennsylvania. In the letter, Rush censures his fellow Presbyterians, who refuse to revoke the test laws and to admit amendments to the state constitution. He also condemns the taking over by the Presbyterian dominated state government of the charter of the College of Philadelphia, now the University of Pennsylvania, and refers to the College of Carlisle, or Dickinson College, established in protest to the first action. He regrets the inflammatory remarks and publications made by members of the state's single legislative body, the Council of Censors, and by Joseph Reed and Mr. Smiley, and deplores the character of Henry Osborn and Owen Faris.</marc:subfield></marc:datafield><marc:datafield tag="600" ind1="1" ind2="2"><marc:subfield code="a">Armstrong, John,</marc:subfield><marc:subfield code="d">1758-1843.</marc:subfield></marc:datafield><marc:datafield tag="600" ind1="1" ind2="2"><marc:subfield code="a">Bayard, John Bubenheim,</marc:subfield><marc:subfield code="d">1738-1807.</marc:subfield></marc:datafield><marc:datafield tag="610" ind1="2" ind2="2"><marc:subfield code="a">University of Pennsylvania</marc:subfield></marc:datafield><marc:datafield tag="610" ind1="2" ind2="2"><marc:subfield code="a">Dickinson College</marc:subfield></marc:datafield><marc:datafield tag="651" ind1=" " ind2="2"><marc:subfield code="a">Pennsylvania.</marc:subfield></marc:datafield><marc:datafield tag="710" ind1="2" ind2=" "><marc:subfield code="a">History of Medicine Collections (Duke University)</marc:subfield></marc:datafield></marc:record>