
<marc:record><marc:leader>02106cpc a2200421Ia 4500</marc:leader>
<marc:controlfield tag="001">002164676</marc:controlfield>
<marc:controlfield tag="003">OCoLC</marc:controlfield><marc:controlfield tag="005">20121128151455.0</marc:controlfield><marc:controlfield tag="008">960830i18821943vp                  eng d</marc:controlfield><marc:datafield tag="035" ind1=" " ind2=" "><marc:subfield code="a">35328759</marc:subfield></marc:datafield><marc:datafield tag="040" ind1=" " ind2=" "><marc:subfield code="a">NDK</marc:subfield><marc:subfield code="c">NDK</marc:subfield></marc:datafield><marc:datafield tag="049" ind1=" " ind2=" "><marc:subfield code="a">NDNX</marc:subfield></marc:datafield><marc:datafield tag="096" ind1=" " ind2=" "><marc:subfield code="a">x</marc:subfield></marc:datafield><marc:datafield tag="100" ind1="1" ind2=" "><marc:subfield code="a">Rolleston, Humphry Davy,</marc:subfield><marc:subfield code="c">Sir,</marc:subfield><marc:subfield code="d">1862-1944.</marc:subfield></marc:datafield><marc:datafield tag="245" ind1="1" ind2="0"><marc:subfield code="a">Papers,</marc:subfield><marc:subfield code="f">1882-1943.</marc:subfield></marc:datafield><marc:datafield tag="300" ind1=" " ind2=" "><marc:subfield code="a">104</marc:subfield><marc:subfield code="f">items.</marc:subfield></marc:datafield><marc:datafield tag="520" ind1="8" ind2=" "><marc:subfield code="a">ALS from many notable members of the British medical establishment, including William Bateson, John Bland-Sutton, Byrom Bramwell, Yandell Henderson, Thomas Jeeves Horder, Arthur F. Hurst, Robert Hutchison, James Mackenzie, Arthur Salusbury Macnalty, Norman Moore, Berkeley Moynihan, Charles Samuel Myers, George Newman, D'Arcy Power, Charles Scott Sherrington, and Grafton Elliot Smith. Foreign correspondents include Pierre Marie and Karl Sudhoff. Most letters are of a casual social nature, though reference is often made to Rolleston's lectures and publications. A complete list of correspondents is available.</marc:subfield></marc:datafield><marc:datafield tag="545" ind1=" " ind2=" "><marc:subfield code="a">British physician, Oxford professor, historian of medicine.</marc:subfield></marc:datafield><marc:datafield tag="500" ind1=" " ind2=" "><marc:subfield code="a">Forms part of the Trent Manuscripts Collection.</marc:subfield></marc:datafield><marc:datafield tag="700" ind1="1" ind2=" "><marc:subfield code="a">Bateson, William,</marc:subfield><marc:subfield code="d">1861-1926.</marc:subfield></marc:datafield><marc:datafield tag="700" ind1="1" ind2=" "><marc:subfield code="a">Bland-Sutton, John,</marc:subfield><marc:subfield code="c">Sir,</marc:subfield><marc:subfield code="d">1855-1936.</marc:subfield></marc:datafield><marc:datafield tag="700" ind1="1" ind2=" "><marc:subfield code="a">Bramwell, Byrom,</marc:subfield><marc:subfield code="c">Sir,</marc:subfield><marc:subfield code="d">1847-1931.</marc:subfield></marc:datafield><marc:datafield tag="700" ind1="1" ind2=" "><marc:subfield code="a">Henderson, Yandell,</marc:subfield><marc:subfield code="d">1873-1944.</marc:subfield></marc:datafield><marc:datafield tag="700" ind1="1" ind2=" "><marc:subfield code="a">Horder, Thomas,</marc:subfield><marc:subfield code="d">1871-1955.</marc:subfield></marc:datafield><marc:datafield tag="700" ind1="1" ind2=" "><marc:subfield code="a">Hurst, Arthur F.</marc:subfield><marc:subfield code="q">(Arthur Frederick),</marc:subfield><marc:subfield code="d">1879-1944.</marc:subfield></marc:datafield><marc:datafield tag="700" ind1="1" ind2=" "><marc:subfield code="a">Hutchison, Robert,</marc:subfield><marc:subfield code="c">Sir,</marc:subfield><marc:subfield code="d">1871-1960.</marc:subfield></marc:datafield><marc:datafield tag="700" ind1="1" ind2=" "><marc:subfield code="a">Mackenzie, James,</marc:subfield><marc:subfield code="d">1853-1925.</marc:subfield></marc:datafield><marc:datafield tag="700" ind1="1" ind2=" "><marc:subfield code="a">MacNalty, Arthur Salusbury,</marc:subfield><marc:subfield code="c">Sir,</marc:subfield><marc:subfield code="d">1880-1969.</marc:subfield></marc:datafield><marc:datafield tag="700" ind1="1" ind2=" "><marc:subfield code="a">Moore, Norman,</marc:subfield><marc:subfield code="d">1847-1922.</marc:subfield></marc:datafield><marc:datafield tag="700" ind1="1" ind2=" "><marc:subfield code="a">Moynihan, Berkeley Moynihan,</marc:subfield><marc:subfield code="c">Baron,</marc:subfield><marc:subfield code="d">1865-1936.</marc:subfield></marc:datafield><marc:datafield tag="700" ind1="1" ind2=" "><marc:subfield code="a">Myers, Charles S.</marc:subfield></marc:datafield><marc:datafield tag="700" ind1="1" ind2=" "><marc:subfield code="a">Newman, George,</marc:subfield><marc:subfield code="c">Sir,</marc:subfield><marc:subfield code="d">1870-1948.</marc:subfield></marc:datafield><marc:datafield tag="700" ind1="1" ind2=" "><marc:subfield code="a">Power, D'Arcy,</marc:subfield><marc:subfield code="c">Sir,</marc:subfield><marc:subfield code="d">1855-1941.</marc:subfield></marc:datafield><marc:datafield tag="700" ind1="1" ind2=" "><marc:subfield code="a">Sherrington, Charles Scott,</marc:subfield><marc:subfield code="c">Sir,</marc:subfield><marc:subfield code="d">1857-1952.</marc:subfield></marc:datafield><marc:datafield tag="700" ind1="1" ind2=" "><marc:subfield code="a">Smith, Grafton Elliot,</marc:subfield><marc:subfield code="d">1871-1937.</marc:subfield></marc:datafield><marc:datafield tag="700" ind1="1" ind2=" "><marc:subfield code="a">Marie, Pierre,</marc:subfield><marc:subfield code="d">1853-1940.</marc:subfield></marc:datafield><marc:datafield tag="700" ind1="1" ind2=" "><marc:subfield code="a">Sudhoff, Karl,</marc:subfield><marc:subfield code="d">1853-1938.</marc:subfield></marc:datafield><marc:datafield tag="710" ind1="2" ind2=" "><marc:subfield code="a">History of Medicine Collections (Duke University)</marc:subfield></marc:datafield></marc:record>