
<marc:record><marc:leader>00574cpc a2200193Ka 4500</marc:leader>
<marc:controlfield tag="001">002160504</marc:controlfield>
<marc:controlfield tag="003">OCoLC</marc:controlfield><marc:controlfield tag="005">20131112095943.0</marc:controlfield><marc:controlfield tag="008">960821q18uu18uufr                  fre d</marc:controlfield><marc:datafield tag="040" ind1=" " ind2=" "><marc:subfield code="a">NDK</marc:subfield><marc:subfield code="c">NDK</marc:subfield></marc:datafield><marc:datafield tag="049" ind1=" " ind2=" "><marc:subfield code="a">NDNX</marc:subfield></marc:datafield><marc:datafield tag="096" ind1=" " ind2=" "><marc:subfield code="a">x</marc:subfield></marc:datafield><marc:datafield tag="100" ind1="1" ind2=" "><marc:subfield code="a">Richard, [Ad?].</marc:subfield></marc:datafield><marc:datafield tag="245" ind1="1" ind2="0"><marc:subfield code="a">[Ad?] Richard papers,</marc:subfield><marc:subfield code="f">undated.</marc:subfield></marc:datafield><marc:datafield tag="300" ind1=" " ind2=" "><marc:subfield code="a">2</marc:subfield><marc:subfield code="f">items.</marc:subfield></marc:datafield><marc:datafield tag="545" ind1=" " ind2=" "><marc:subfield code="a">French physician.</marc:subfield></marc:datafield><marc:datafield tag="500" ind1=" " ind2=" "><marc:subfield code="a">Forms part of the History of Medicine Trent Manuscripts Collection.</marc:subfield></marc:datafield><marc:datafield tag="520" ind1="8" ind2=" "><marc:subfield code="a">2 autographed notes from unidentified French physician.</marc:subfield></marc:datafield><marc:datafield tag="710" ind1="2" ind2=" "><marc:subfield code="a">History of Medicine Collections (Duke University)</marc:subfield></marc:datafield></marc:record>