
<marc:record><marc:leader>00944cpm a2200241Ia 4500</marc:leader>
<marc:controlfield tag="001">001662418</marc:controlfield>
<marc:controlfield tag="003">OCoLC</marc:controlfield><marc:controlfield tag="005">20121031153148.0</marc:controlfield><marc:controlfield tag="008">950106s1906    dcu                 eng d</marc:controlfield><marc:datafield tag="035" ind1=" " ind2=" "><marc:subfield code="a">31775282</marc:subfield></marc:datafield><marc:datafield tag="040" ind1=" " ind2=" "><marc:subfield code="a">NDK</marc:subfield><marc:subfield code="c">NDK</marc:subfield></marc:datafield><marc:datafield tag="049" ind1=" " ind2=" "><marc:subfield code="a">NDNX</marc:subfield></marc:datafield><marc:datafield tag="096" ind1=" " ind2=" "><marc:subfield code="a">x</marc:subfield></marc:datafield><marc:datafield tag="100" ind1="1" ind2=" "><marc:subfield code="a">Rathbun, Richard,</marc:subfield><marc:subfield code="d">1852-1918.</marc:subfield></marc:datafield><marc:datafield tag="245" ind1="1" ind2="0"><marc:subfield code="a">Letter,</marc:subfield><marc:subfield code="f">1906, July 27,</marc:subfield><marc:subfield code="b">the Smithsonian Institution, Washington, D. C., to Mrs. Elizabeth C. Hobson, Northeast Harbor, Maine.</marc:subfield></marc:datafield><marc:datafield tag="300" ind1=" " ind2=" "><marc:subfield code="a">1</marc:subfield><marc:subfield code="f">item.</marc:subfield></marc:datafield><marc:datafield tag="545" ind1=" " ind2=" "><marc:subfield code="a">U. S. naturalist, zoologist and museum official.</marc:subfield></marc:datafield><marc:datafield tag="520" ind1="8" ind2=" "><marc:subfield code="a">TLS. Writes regarding the acquisition of the Harriet Lane Johnston Collection for the National Gallery of Art of the Smithsonian Institution.</marc:subfield></marc:datafield><marc:datafield tag="500" ind1=" " ind2=" "><marc:subfield code="a">Forms part of the Trent Manuscripts Collection.</marc:subfield></marc:datafield><marc:datafield tag="600" ind1="1" ind2="2"><marc:subfield code="a">Johnston, Harriet Lane,</marc:subfield><marc:subfield code="d">1830-1903.</marc:subfield></marc:datafield><marc:datafield tag="610" ind1="2" ind2="2"><marc:subfield code="a">Smithsonian Institution.</marc:subfield></marc:datafield><marc:datafield tag="610" ind1="2" ind2="2"><marc:subfield code="a">National Gallery of Art (U.S.)</marc:subfield></marc:datafield><marc:datafield tag="710" ind1="2" ind2=" "><marc:subfield code="a">History of Medicine Collections (Duke University)</marc:subfield></marc:datafield></marc:record>