
<marc:record><marc:leader>00866cpc a2200229Ia 4500</marc:leader>
<marc:controlfield tag="001">002169136</marc:controlfield>
<marc:controlfield tag="003">OCoLC</marc:controlfield><marc:controlfield tag="005">20121031151726.0</marc:controlfield><marc:controlfield tag="008">960911i19181924vp                  eng d</marc:controlfield><marc:datafield tag="035" ind1=" " ind2=" "><marc:subfield code="a">35519883</marc:subfield></marc:datafield><marc:datafield tag="040" ind1=" " ind2=" "><marc:subfield code="a">NDK</marc:subfield><marc:subfield code="c">NDK</marc:subfield></marc:datafield><marc:datafield tag="049" ind1=" " ind2=" "><marc:subfield code="a">NDNX</marc:subfield></marc:datafield><marc:datafield tag="096" ind1=" " ind2=" "><marc:subfield code="a">x</marc:subfield></marc:datafield><marc:datafield tag="100" ind1="1" ind2=" "><marc:subfield code="a">Radin, Herman T.</marc:subfield></marc:datafield><marc:datafield tag="245" ind1="1" ind2="0"><marc:subfield code="a">Papers,</marc:subfield><marc:subfield code="f">1918-1924.</marc:subfield></marc:datafield><marc:datafield tag="300" ind1=" " ind2=" "><marc:subfield code="a">4</marc:subfield><marc:subfield code="f">items.</marc:subfield></marc:datafield><marc:datafield tag="545" ind1=" " ind2=" "><marc:subfield code="a">Professor of anthropology at Brandeis University.</marc:subfield></marc:datafield><marc:datafield tag="520" ind1="8" ind2=" "><marc:subfield code="a">ALS. William Osler writes about his work on Boerhaave and on The evolution of modern medicine. Fielding H. Garrison writes with instructions on how to obtain a copy of The history of military medicine.</marc:subfield></marc:datafield><marc:datafield tag="500" ind1=" " ind2=" "><marc:subfield code="a">Forms part of the Trent Manuscripts Collection.</marc:subfield></marc:datafield><marc:datafield tag="710" ind1="2" ind2=" "><marc:subfield code="a">History of Medicine Collections (Duke University)</marc:subfield></marc:datafield><marc:datafield tag="700" ind1="1" ind2="2"><marc:subfield code="a">Osler, William,</marc:subfield><marc:subfield code="c">Sir,</marc:subfield><marc:subfield code="d">1849-1919.</marc:subfield></marc:datafield><marc:datafield tag="700" ind1="1" ind2="2"><marc:subfield code="a">Garrison, Fielding H.</marc:subfield><marc:subfield code="q">(Fielding Hudson),</marc:subfield><marc:subfield code="d">1870-1935.</marc:subfield></marc:datafield></marc:record>