
<marc:record><marc:leader>02121cpcaa2200373Ia 4500</marc:leader>
<marc:controlfield tag="001">002158018</marc:controlfield>
<marc:controlfield tag="005">20131011104101.0</marc:controlfield><marc:controlfield tag="008">960816i19101953vp                  eng d</marc:controlfield><marc:datafield tag="024" ind1="8" ind2=" "><marc:subfield code="a">pleadwellfl</marc:subfield><marc:subfield code="d">DUKEPLEAD</marc:subfield></marc:datafield><marc:datafield tag="035" ind1=" " ind2=" "><marc:subfield code="a">35253597</marc:subfield></marc:datafield><marc:datafield tag="040" ind1=" " ind2=" "><marc:subfield code="a">NDK</marc:subfield><marc:subfield code="b">eng</marc:subfield><marc:subfield code="c">NDK</marc:subfield><marc:subfield code="d">OCL</marc:subfield><marc:subfield code="d">OCLCQ</marc:subfield><marc:subfield code="d">OCLCG</marc:subfield><marc:subfield code="d">OCLCA</marc:subfield><marc:subfield code="d">OCLCQ</marc:subfield><marc:subfield code="d">NDD</marc:subfield></marc:datafield><marc:datafield tag="049" ind1=" " ind2=" "><marc:subfield code="a">NDDP</marc:subfield></marc:datafield><marc:datafield tag="100" ind1="1" ind2=" "><marc:subfield code="a">Pleadwell, F. L.</marc:subfield><marc:subfield code="q">(Frank Lester),</marc:subfield><marc:subfield code="d">1872-1957.</marc:subfield></marc:datafield><marc:datafield tag="245" ind1="1" ind2="0"><marc:subfield code="a">F. L. Pleadwell papers,</marc:subfield><marc:subfield code="f">1910-1953 and undated.</marc:subfield></marc:datafield><marc:datafield tag="300" ind1=" " ind2=" "><marc:subfield code="a">186</marc:subfield><marc:subfield code="f">items</marc:subfield><marc:subfield code="a">(.3</marc:subfield><marc:subfield code="f">lin. ft.)</marc:subfield></marc:datafield><marc:datafield tag="545" ind1=" " ind2=" "><marc:subfield code="a">U.S. naval surgeon and medical historian.</marc:subfield></marc:datafield><marc:datafield tag="520" ind1="8" ind2=" "><marc:subfield code="a">Pleadwell's correspondents include fellow military physicians and medical historians, who write on personal, professional and political matters. Correspondents of note include Arthur W. May, R.C. Munday, Charles Loomis Dana, William W. Keen, Charles Marsh Beadnell, Horace Manchester Brown, J. Chalmers Da Costa, Henry Barton Jacobs, Francis R. Packard, D'Arcy Power, Arturo Castiglioni, Fielding H. Garrison, and Henry E. Sigerist. A complete list of correspondents is available in the collection. Acquired as part of the History of Medicine Collections at Duke University.</marc:subfield></marc:datafield><marc:datafield tag="541" ind1=" " ind2=" "><marc:subfield code="a">Source unknown.</marc:subfield></marc:datafield><marc:datafield tag="500" ind1=" " ind2=" "><marc:subfield code="a">Forms part of the Trent Manuscripts Collection.</marc:subfield></marc:datafield><marc:datafield tag="555" ind1="8" ind2=" "><marc:subfield code="a">Finding aid available in repository and online.</marc:subfield></marc:datafield><marc:datafield tag="650" ind1=" " ind2="0"><marc:subfield code="a">Physicians</marc:subfield><marc:subfield code="v">Correspondence.</marc:subfield></marc:datafield><marc:datafield tag="700" ind1="1" ind2=" "><marc:subfield code="a">Dana, Charles L.</marc:subfield><marc:subfield code="q">(Charles Loomis),</marc:subfield><marc:subfield code="d">1852-1935.</marc:subfield></marc:datafield><marc:datafield tag="700" ind1="1" ind2=" "><marc:subfield code="a">Keen, William W.</marc:subfield><marc:subfield code="q">(William Williams),</marc:subfield><marc:subfield code="d">1837-1932.</marc:subfield></marc:datafield><marc:datafield tag="700" ind1="1" ind2=" "><marc:subfield code="a">Beadnell, Charles Marsh,</marc:subfield><marc:subfield code="d">1872-1947.</marc:subfield></marc:datafield><marc:datafield tag="700" ind1="1" ind2=" "><marc:subfield code="a">Brown, Horace Manchester,</marc:subfield><marc:subfield code="d">1857-1929.</marc:subfield></marc:datafield><marc:datafield tag="700" ind1="1" ind2=" "><marc:subfield code="a">Da Costa, J. Chalmers</marc:subfield><marc:subfield code="q">(John Chalmers),</marc:subfield><marc:subfield code="d">1863-1933.</marc:subfield></marc:datafield><marc:datafield tag="700" ind1="1" ind2=" "><marc:subfield code="a">Jacobs, Henry Barton,</marc:subfield><marc:subfield code="d">1858-1939.</marc:subfield></marc:datafield><marc:datafield tag="700" ind1="1" ind2=" "><marc:subfield code="a">Packard, Francis R.</marc:subfield><marc:subfield code="q">(Francis Randolph),</marc:subfield><marc:subfield code="d">1870-1950.</marc:subfield></marc:datafield><marc:datafield tag="700" ind1="1" ind2=" "><marc:subfield code="a">Power, D'Arcy,</marc:subfield><marc:subfield code="c">Sir,</marc:subfield><marc:subfield code="d">1855-1941.</marc:subfield></marc:datafield><marc:datafield tag="700" ind1="1" ind2=" "><marc:subfield code="a">Castiglioni, Arturo,</marc:subfield><marc:subfield code="d">1874-1953.</marc:subfield></marc:datafield><marc:datafield tag="700" ind1="1" ind2=" "><marc:subfield code="a">Garrison, Fielding H.</marc:subfield><marc:subfield code="q">(Fielding Hudson),</marc:subfield><marc:subfield code="d">1870-1935.</marc:subfield></marc:datafield><marc:datafield tag="700" ind1="1" ind2=" "><marc:subfield code="a">Sigerist, Henry E.</marc:subfield><marc:subfield code="q">(Henry Ernest),</marc:subfield><marc:subfield code="d">1891-1957.</marc:subfield></marc:datafield><marc:datafield tag="710" ind1="2" ind2=" "><marc:subfield code="a">History of Medicine Collections (Duke University)</marc:subfield></marc:datafield><marc:datafield tag="856" ind1="4" ind2="2"><marc:subfield code="y">Collection guide</marc:subfield><marc:subfield code="u">http://library.duke.edu/rubenstein/findingaids/pleadwellfl/</marc:subfield></marc:datafield></marc:record>