
<marc:record><marc:leader>00918cpcaa2200217Ia 4500</marc:leader>
<marc:controlfield tag="001">001650927</marc:controlfield>
<marc:controlfield tag="005">20130813150327.0</marc:controlfield><marc:controlfield tag="008">941216s1956    vp                  eng d</marc:controlfield><marc:datafield tag="035" ind1=" " ind2=" "><marc:subfield code="a">31704531</marc:subfield></marc:datafield><marc:datafield tag="040" ind1=" " ind2=" "><marc:subfield code="a">NDK</marc:subfield><marc:subfield code="b">eng</marc:subfield><marc:subfield code="c">NDK</marc:subfield><marc:subfield code="d">OCLCQ</marc:subfield><marc:subfield code="d">OCLCG</marc:subfield><marc:subfield code="d">OCLCQ</marc:subfield><marc:subfield code="d">NDD</marc:subfield></marc:datafield><marc:datafield tag="049" ind1=" " ind2=" "><marc:subfield code="a">NDDP</marc:subfield></marc:datafield><marc:datafield tag="100" ind1="1" ind2=" "><marc:subfield code="a">Maugham, W. Somerset</marc:subfield><marc:subfield code="q">(William Somerset),</marc:subfield><marc:subfield code="d">1874-1965.</marc:subfield></marc:datafield><marc:datafield tag="245" ind1="1" ind2="0"><marc:subfield code="a">Letters,</marc:subfield><marc:subfield code="f">1956 :</marc:subfield><marc:subfield code="b">to W.R. Bett.</marc:subfield></marc:datafield><marc:datafield tag="300" ind1=" " ind2=" "><marc:subfield code="a">3</marc:subfield><marc:subfield code="f">items.</marc:subfield></marc:datafield><marc:datafield tag="545" ind1=" " ind2=" "><marc:subfield code="a">English novelist, playwright, and short-story writer.</marc:subfield></marc:datafield><marc:datafield tag="520" ind1="8" ind2=" "><marc:subfield code="a">2 TLS from Maugham, 1 TLS from A.F. Searle, Maugham's secretary. Correspondence relates to Bett's biography, &quot;Sir John Bland-Sutton.&quot;</marc:subfield></marc:datafield><marc:datafield tag="541" ind1=" " ind2=" "><marc:subfield code="a">Old Hickory;</marc:subfield><marc:subfield code="c">purchase;</marc:subfield><marc:subfield code="d">1969.</marc:subfield></marc:datafield><marc:datafield tag="500" ind1=" " ind2=" "><marc:subfield code="a">Forms part of the Trent Manuscripts Collection.</marc:subfield></marc:datafield><marc:datafield tag="600" ind1="1" ind2="2"><marc:subfield code="a">Bett, W. R.</marc:subfield><marc:subfield code="q">(William Reginald),</marc:subfield><marc:subfield code="d">1903-</marc:subfield><marc:subfield code="t">Sir John Bland-Sutton, 1855-1936.</marc:subfield></marc:datafield><marc:datafield tag="600" ind1="1" ind2="2"><marc:subfield code="a">Bland-Sutton, John,</marc:subfield><marc:subfield code="c">Sir,</marc:subfield><marc:subfield code="d">1855-1936.</marc:subfield></marc:datafield><marc:datafield tag="710" ind1="2" ind2=" "><marc:subfield code="a">History of Medicine Collections (Duke University)</marc:subfield></marc:datafield></marc:record>