
<marc:record><marc:leader>00917cpc a2200241Ia 4500</marc:leader>
<marc:controlfield tag="001">002143904</marc:controlfield>
<marc:controlfield tag="003">OCoLC</marc:controlfield><marc:controlfield tag="005">20121017152133.0</marc:controlfield><marc:controlfield tag="008">960724i17991847fr                  fre d</marc:controlfield><marc:datafield tag="035" ind1=" " ind2=" "><marc:subfield code="a">35130785</marc:subfield></marc:datafield><marc:datafield tag="040" ind1=" " ind2=" "><marc:subfield code="a">NDK</marc:subfield><marc:subfield code="c">NDK</marc:subfield></marc:datafield><marc:datafield tag="049" ind1=" " ind2=" "><marc:subfield code="a">NDNX</marc:subfield></marc:datafield><marc:datafield tag="096" ind1=" " ind2=" "><marc:subfield code="a">x</marc:subfield></marc:datafield><marc:datafield tag="100" ind1="1" ind2=" "><marc:subfield code="a">Larrey, Hippolyte,</marc:subfield><marc:subfield code="d">1808-1895.</marc:subfield></marc:datafield><marc:datafield tag="245" ind1="1" ind2="0"><marc:subfield code="a">Papers,</marc:subfield><marc:subfield code="f">1799-1847.</marc:subfield></marc:datafield><marc:datafield tag="300" ind1=" " ind2=" "><marc:subfield code="a">9</marc:subfield><marc:subfield code="f">items.</marc:subfield></marc:datafield><marc:datafield tag="545" ind1=" " ind2=" "><marc:subfield code="a">French military surgeon.</marc:subfield></marc:datafield><marc:datafield tag="520" ind1="8" ind2=" "><marc:subfield code="a">Correspondence of both Félix Hippolyte Larrey and his father, Dominique Jean Larrey. Includes notes from Jean-Antoine-Claude Chaptal and from Marie Guillaume Alphonse Devergie.</marc:subfield></marc:datafield><marc:datafield tag="500" ind1=" " ind2=" "><marc:subfield code="a">Forms part of the Trent Manuscripts Collection.</marc:subfield></marc:datafield><marc:datafield tag="710" ind1="2" ind2=" "><marc:subfield code="a">History of Medicine Collections (Duke University)</marc:subfield></marc:datafield><marc:datafield tag="700" ind1="1" ind2="2"><marc:subfield code="a">Larrey, D. J.</marc:subfield><marc:subfield code="q">(Dominique Jean),</marc:subfield><marc:subfield code="c">baron,</marc:subfield><marc:subfield code="d">1766-1842.</marc:subfield></marc:datafield><marc:datafield tag="700" ind1="1" ind2="2"><marc:subfield code="a">Chaptal, Jean-Antoine-Claude,</marc:subfield><marc:subfield code="c">comte de Chanteloup,</marc:subfield><marc:subfield code="d">1756-1832.</marc:subfield></marc:datafield><marc:datafield tag="700" ind1="1" ind2="2"><marc:subfield code="a">Devergie, Alph.</marc:subfield><marc:subfield code="q">(Alphonse),</marc:subfield><marc:subfield code="d">1798-1879.</marc:subfield></marc:datafield></marc:record>