
<marc:record><marc:leader>01114cpc a2200205I  4500</marc:leader>
<marc:controlfield tag="001">001681012</marc:controlfield>
<marc:controlfield tag="005">20131112090654.0</marc:controlfield><marc:controlfield tag="008">950213q17711950ne                  dut d</marc:controlfield><marc:datafield tag="035" ind1=" " ind2=" "><marc:subfield code="a">31977152</marc:subfield></marc:datafield><marc:datafield tag="040" ind1=" " ind2=" "><marc:subfield code="a">NDK</marc:subfield><marc:subfield code="b">eng</marc:subfield><marc:subfield code="c">NDK</marc:subfield><marc:subfield code="d">OCLCQ</marc:subfield><marc:subfield code="d">NDD</marc:subfield></marc:datafield><marc:datafield tag="049" ind1=" " ind2=" "><marc:subfield code="a">NDDP</marc:subfield></marc:datafield><marc:datafield tag="100" ind1="1" ind2=" "><marc:subfield code="a">Kleef, Hermanus van,</marc:subfield><marc:subfield code="d">-1775.</marc:subfield></marc:datafield><marc:datafield tag="245" ind1="1" ind2="0"><marc:subfield code="a">Hermanus van Kleef collage portrait and burial announcement,,</marc:subfield><marc:subfield code="f">between 1771-1950.</marc:subfield></marc:datafield><marc:datafield tag="300" ind1=" " ind2=" "><marc:subfield code="a">3</marc:subfield><marc:subfield code="f">items.</marc:subfield></marc:datafield><marc:datafield tag="520" ind1="8" ind2=" "><marc:subfield code="a">Printed burial announcement, Amsterdam, 1775, of the death and remarkable old age of Hermanus van Kleef; silhouette portrait of cut-out colored papers and a lock of human hair, with holograph caption; and autograph translation of both announcement and caption. Collage portrait supposedly of and by van Kleef a few years before his death at the age of 101. English translation by a Dr. Luckhardt, sometime around 1950.</marc:subfield></marc:datafield><marc:datafield tag="541" ind1=" " ind2=" "><marc:subfield code="a">Source unknown.</marc:subfield></marc:datafield><marc:datafield tag="500" ind1=" " ind2=" "><marc:subfield code="a">Forms part of the History of Medicine Picture File. Please order item through the catalog record for the Picture File.</marc:subfield></marc:datafield><marc:datafield tag="650" ind1=" " ind2="0"><marc:subfield code="a">Longevity in art.</marc:subfield></marc:datafield><marc:datafield tag="650" ind1=" " ind2="0"><marc:subfield code="a">Old age.</marc:subfield></marc:datafield><marc:datafield tag="710" ind1="2" ind2=" "><marc:subfield code="a">History of Medicine Collections (Duke University)</marc:subfield></marc:datafield></marc:record>