
<marc:record><marc:leader>00810cpm a2200217Ia 4500</marc:leader>
<marc:controlfield tag="001">002143889</marc:controlfield>
<marc:controlfield tag="003">OCoLC</marc:controlfield><marc:controlfield tag="005">20121017145159.0</marc:controlfield><marc:controlfield tag="008">960724s1794    enk                 eng d</marc:controlfield><marc:datafield tag="035" ind1=" " ind2=" "><marc:subfield code="a">35129782</marc:subfield></marc:datafield><marc:datafield tag="040" ind1=" " ind2=" "><marc:subfield code="a">NDK</marc:subfield><marc:subfield code="c">NDK</marc:subfield></marc:datafield><marc:datafield tag="049" ind1=" " ind2=" "><marc:subfield code="a">NDNX</marc:subfield></marc:datafield><marc:datafield tag="096" ind1=" " ind2=" "><marc:subfield code="a">x</marc:subfield></marc:datafield><marc:datafield tag="100" ind1="1" ind2=" "><marc:subfield code="a">Keate, Thomas,</marc:subfield><marc:subfield code="d">1745-1821.</marc:subfield></marc:datafield><marc:datafield tag="245" ind1="1" ind2="0"><marc:subfield code="a">Letter,</marc:subfield><marc:subfield code="f">1794, Sept. 24,</marc:subfield><marc:subfield code="b">Windsor Castle, to Matthew Lewis.</marc:subfield></marc:datafield><marc:datafield tag="300" ind1=" " ind2=" "><marc:subfield code="a">1</marc:subfield><marc:subfield code="f">item.</marc:subfield></marc:datafield><marc:datafield tag="545" ind1=" " ind2=" "><marc:subfield code="a">English surgeon.</marc:subfield></marc:datafield><marc:datafield tag="520" ind1="8" ind2=" "><marc:subfield code="a">ALS. Writes that, in his opinion, yellow fever is not contagious, but rather &quot;an epidemical fever, arising from some general cause&quot;. He draws upon observations of cases in Philadelphia and in the West Indies.</marc:subfield></marc:datafield><marc:datafield tag="500" ind1=" " ind2=" "><marc:subfield code="a">Forms part of the Trent Manuscripts Collection.</marc:subfield></marc:datafield><marc:datafield tag="650" ind1=" " ind2="2"><marc:subfield code="a">Yellow Fever</marc:subfield><marc:subfield code="y">18th cent.</marc:subfield></marc:datafield><marc:datafield tag="710" ind1="2" ind2=" "><marc:subfield code="a">History of Medicine Collections (Duke University)</marc:subfield></marc:datafield></marc:record>