
<marc:record><marc:leader>01193cpc a2200253Ia 4500</marc:leader>
<marc:controlfield tag="001">002147955</marc:controlfield>
<marc:controlfield tag="003">OCoLC</marc:controlfield><marc:controlfield tag="005">20121017142456.0</marc:controlfield><marc:controlfield tag="008">960726i18711871mau                 eng d</marc:controlfield><marc:datafield tag="035" ind1=" " ind2=" "><marc:subfield code="a">35149330</marc:subfield></marc:datafield><marc:datafield tag="040" ind1=" " ind2=" "><marc:subfield code="a">NDK</marc:subfield><marc:subfield code="c">NDK</marc:subfield></marc:datafield><marc:datafield tag="049" ind1=" " ind2=" "><marc:subfield code="a">NDNX</marc:subfield></marc:datafield><marc:datafield tag="096" ind1=" " ind2=" "><marc:subfield code="a">x</marc:subfield></marc:datafield><marc:datafield tag="100" ind1="1" ind2=" "><marc:subfield code="a">Jackson, Charles T.</marc:subfield><marc:subfield code="q">(Charles Thomas),</marc:subfield><marc:subfield code="d">1805-1880.</marc:subfield></marc:datafield><marc:datafield tag="245" ind1="1" ind2="0"><marc:subfield code="a">Papers,</marc:subfield><marc:subfield code="f">1871, July 21-Aug. 9,</marc:subfield><marc:subfield code="b">Boston.</marc:subfield></marc:datafield><marc:datafield tag="300" ind1=" " ind2=" "><marc:subfield code="a">3</marc:subfield><marc:subfield code="f">items.</marc:subfield></marc:datafield><marc:datafield tag="545" ind1=" " ind2=" "><marc:subfield code="a">Physician and chemist.</marc:subfield></marc:datafield><marc:datafield tag="520" ind1="8" ind2=" "><marc:subfield code="a">ALS and two clippings. The first clipping puts forth W. T. G. Morton's claim to the discovery of the anaesthetic properties of ether. In a letter to Joseph Hale Abbot, Jackson remarks bitterly on this public campaign, led by Drs. Bowditch and Bigelow. Jackson counters in the second clipping with his own claim to the discovery, as substantiated by several foreign juries.</marc:subfield></marc:datafield><marc:datafield tag="500" ind1=" " ind2=" "><marc:subfield code="a">Forms part of the Trent Manuscripts Collection.</marc:subfield></marc:datafield><marc:datafield tag="600" ind1="1" ind2="2"><marc:subfield code="a">Morton, W. T. G.</marc:subfield><marc:subfield code="q">(William Thomas Green),</marc:subfield><marc:subfield code="d">1819-1868.</marc:subfield></marc:datafield><marc:datafield tag="600" ind1="1" ind2="2"><marc:subfield code="a">Bowditch, N. I.</marc:subfield><marc:subfield code="q">(Nathaniel Ingersoll),</marc:subfield><marc:subfield code="d">1805-1861.</marc:subfield></marc:datafield><marc:datafield tag="600" ind1="1" ind2="2"><marc:subfield code="a">Bigelow, Henry Jacob,</marc:subfield><marc:subfield code="d">1818-1890.</marc:subfield></marc:datafield><marc:datafield tag="710" ind1="2" ind2=" "><marc:subfield code="a">History of Medicine Collections (Duke University)</marc:subfield></marc:datafield><marc:datafield tag="700" ind1="1" ind2=" "><marc:subfield code="a">Abbot, Jos. Hale</marc:subfield><marc:subfield code="q">(Joseph Hale),</marc:subfield><marc:subfield code="d">1802-1873.</marc:subfield></marc:datafield></marc:record>