
<marc:record><marc:leader>01107cpc a2200229Ia 4500</marc:leader>
<marc:controlfield tag="001">002138478</marc:controlfield>
<marc:controlfield tag="003">OCoLC</marc:controlfield><marc:controlfield tag="005">20121016161645.0</marc:controlfield><marc:controlfield tag="008">960716i18161966vp                  fre d</marc:controlfield><marc:datafield tag="035" ind1=" " ind2=" "><marc:subfield code="a">35092775</marc:subfield></marc:datafield><marc:datafield tag="040" ind1=" " ind2=" "><marc:subfield code="a">NDK</marc:subfield><marc:subfield code="c">NDK</marc:subfield></marc:datafield><marc:datafield tag="049" ind1=" " ind2=" "><marc:subfield code="a">NDNX</marc:subfield></marc:datafield><marc:datafield tag="096" ind1=" " ind2=" "><marc:subfield code="a">x</marc:subfield></marc:datafield><marc:datafield tag="100" ind1="1" ind2=" "><marc:subfield code="a">Humboldt, Alexander von,</marc:subfield><marc:subfield code="d">1769-1859.</marc:subfield></marc:datafield><marc:datafield tag="245" ind1="1" ind2="0"><marc:subfield code="a">Papers,</marc:subfield><marc:subfield code="f">1816-1966 [bulk between 1816-1855] and undated.</marc:subfield></marc:datafield><marc:datafield tag="300" ind1=" " ind2=" "><marc:subfield code="a">26</marc:subfield><marc:subfield code="f">items.</marc:subfield></marc:datafield><marc:datafield tag="545" ind1=" " ind2=" "><marc:subfield code="a">German natural scientist and explorer.</marc:subfield></marc:datafield><marc:datafield tag="520" ind1="8" ind2=" "><marc:subfield code="a">ALS, in French. Humboldt writes to P. H. Azaïs and Jules Berger de Xivrey on politics, philosophy, his expeditions, ethnology, natural history and the influence and inspiration of French thought. In 1966 Fritz Lange, of the Alexander-von-Humboldt-Kommission, writes to the Duke Medical Center Library regarding the Kommission's project to locate world-wide all correspondence to and from Humboldt.</marc:subfield></marc:datafield><marc:datafield tag="500" ind1=" " ind2=" "><marc:subfield code="a">Forms part of the Trent Manuscripts Collection.</marc:subfield></marc:datafield><marc:datafield tag="710" ind1="2" ind2=" "><marc:subfield code="a">History of Medicine Collections (Duke University)</marc:subfield></marc:datafield><marc:datafield tag="700" ind1="1" ind2=" "><marc:subfield code="a">Azaïs, P. H.</marc:subfield><marc:subfield code="q">(Pierre Hyacinthe),</marc:subfield><marc:subfield code="d">1766-1845.</marc:subfield></marc:datafield><marc:datafield tag="700" ind1="1" ind2=" "><marc:subfield code="a">Berger de Xivrey, Jules,</marc:subfield><marc:subfield code="d">1801-1863.</marc:subfield></marc:datafield></marc:record>