
<marc:record><marc:leader>00966cpm a2200217Ia 4500</marc:leader>
<marc:controlfield tag="001">002138423</marc:controlfield>
<marc:controlfield tag="003">OCoLC</marc:controlfield><marc:controlfield tag="005">20121016154606.0</marc:controlfield><marc:controlfield tag="008">960716s1792    mau                 eng d</marc:controlfield><marc:datafield tag="035" ind1=" " ind2=" "><marc:subfield code="a">35091935</marc:subfield></marc:datafield><marc:datafield tag="040" ind1=" " ind2=" "><marc:subfield code="a">NDK</marc:subfield><marc:subfield code="c">NDK</marc:subfield></marc:datafield><marc:datafield tag="049" ind1=" " ind2=" "><marc:subfield code="a">NDNX</marc:subfield></marc:datafield><marc:datafield tag="096" ind1=" " ind2=" "><marc:subfield code="a">x</marc:subfield></marc:datafield><marc:datafield tag="100" ind1="1" ind2=" "><marc:subfield code="a">Holyoke, Edward Augustus,</marc:subfield><marc:subfield code="d">1728-1829.</marc:subfield></marc:datafield><marc:datafield tag="245" ind1="1" ind2="0"><marc:subfield code="a">Letter,</marc:subfield><marc:subfield code="f">1792, Jan. 16,</marc:subfield><marc:subfield code="b">Salem, to Rev. Doct. Edward Wigglesworth, Cambridge.</marc:subfield></marc:datafield><marc:datafield tag="300" ind1=" " ind2=" "><marc:subfield code="a">1</marc:subfield><marc:subfield code="f">item.</marc:subfield></marc:datafield><marc:datafield tag="545" ind1=" " ind2=" "><marc:subfield code="a">Physician of Salem, Mass.</marc:subfield></marc:datafield><marc:datafield tag="520" ind1="8" ind2=" "><marc:subfield code="a">ALS. Commends Wigglesworth's calculation of life expectancy figures from bills of mortality, collected by Holyoke, among others; confesses himself at a loss to explain why Americans enjoy a longer life expectancy than do the Swedish; and expresses his opinion that a tontine is a lottery and thus encourages gambling.</marc:subfield></marc:datafield><marc:datafield tag="500" ind1=" " ind2=" "><marc:subfield code="a">Forms part of the Trent Manuscripts Collection.</marc:subfield></marc:datafield><marc:datafield tag="710" ind1="2" ind2=" "><marc:subfield code="a">History of Medicine Collections (Duke University)</marc:subfield></marc:datafield><marc:datafield tag="700" ind1="1" ind2="2"><marc:subfield code="a">Wigglesworth, Edward,</marc:subfield><marc:subfield code="d">1732-1794.</marc:subfield></marc:datafield></marc:record>