
<marc:record><marc:leader>01236cpc a2200265Ia 450 </marc:leader>
<marc:controlfield tag="001">002138418</marc:controlfield>
<marc:controlfield tag="003">OCoLC</marc:controlfield><marc:controlfield tag="005">20121016153753.0</marc:controlfield><marc:controlfield tag="008">960716i18731874stk                 eng d</marc:controlfield><marc:datafield tag="035" ind1=" " ind2=" "><marc:subfield code="a">35091877</marc:subfield></marc:datafield><marc:datafield tag="040" ind1=" " ind2=" "><marc:subfield code="a">NDK</marc:subfield><marc:subfield code="c">NDK</marc:subfield></marc:datafield><marc:datafield tag="049" ind1=" " ind2=" "><marc:subfield code="a">NDNX</marc:subfield></marc:datafield><marc:datafield tag="096" ind1=" " ind2=" "><marc:subfield code="a">x</marc:subfield></marc:datafield><marc:datafield tag="100" ind1="1" ind2=" "><marc:subfield code="a">Hincks, Thomas S. Hawkesford.</marc:subfield></marc:datafield><marc:datafield tag="245" ind1="1" ind2="0"><marc:subfield code="a">Papers,</marc:subfield><marc:subfield code="f">1873-1874,</marc:subfield><marc:subfield code="b">Edinburgh.</marc:subfield></marc:datafield><marc:datafield tag="300" ind1=" " ind2=" "><marc:subfield code="a">7</marc:subfield><marc:subfield code="f">items.</marc:subfield></marc:datafield><marc:datafield tag="545" ind1=" " ind2=" "><marc:subfield code="a">Medical student at the University of Edinburgh.</marc:subfield></marc:datafield><marc:datafield tag="520" ind1="8" ind2=" "><marc:subfield code="a">Certificates of attendance at lecture courses at the University of Edinburgh and class certificates of merit. Signed by Daniel Rutherford Haldane, practice of medicine; W. R. Sanders, pathology and anatomy; Thomas Laycock, clinical lectures on medicine; Thomas Grainger Stewart, practice of physic; Alexander R. Simpson, midwifery; James Spencer, surgery; and Robert Christison, materia medica.</marc:subfield></marc:datafield><marc:datafield tag="500" ind1=" " ind2=" "><marc:subfield code="a">Forms part of the Trent Manuscripts Collection.</marc:subfield></marc:datafield><marc:datafield tag="710" ind1="2" ind2=" "><marc:subfield code="a">History of Medicine Collections (Duke University)</marc:subfield></marc:datafield><marc:datafield tag="700" ind1="1" ind2="2"><marc:subfield code="a">Haldane, Daniel Rutherford,</marc:subfield><marc:subfield code="d">1824-1887.</marc:subfield></marc:datafield><marc:datafield tag="700" ind1="1" ind2="2"><marc:subfield code="a">Laycock, Thomas,</marc:subfield><marc:subfield code="d">1812-1876.</marc:subfield></marc:datafield><marc:datafield tag="700" ind1="1" ind2="2"><marc:subfield code="a">Stewart, Thomas Grainger,</marc:subfield><marc:subfield code="d">1837-1900.</marc:subfield></marc:datafield><marc:datafield tag="700" ind1="1" ind2="2"><marc:subfield code="a">Simpson, A. R.</marc:subfield><marc:subfield code="q">(Alexander Russell),</marc:subfield><marc:subfield code="d">1835-1916.</marc:subfield></marc:datafield><marc:datafield tag="700" ind1="1" ind2="2"><marc:subfield code="a">Christison, Robert,</marc:subfield><marc:subfield code="c">Sir,</marc:subfield><marc:subfield code="d">1797-1882.</marc:subfield></marc:datafield></marc:record>