
<marc:record><marc:leader>01476cpc a2200337Ia 4500</marc:leader>
<marc:controlfield tag="001">002138408</marc:controlfield>
<marc:controlfield tag="003">OCoLC</marc:controlfield><marc:controlfield tag="005">20121016151247.0</marc:controlfield><marc:controlfield tag="008">960716i18731895enk                 eng d</marc:controlfield><marc:datafield tag="035" ind1=" " ind2=" "><marc:subfield code="a">35090937</marc:subfield></marc:datafield><marc:datafield tag="040" ind1=" " ind2=" "><marc:subfield code="a">NDK</marc:subfield><marc:subfield code="c">NDK</marc:subfield></marc:datafield><marc:datafield tag="049" ind1=" " ind2=" "><marc:subfield code="a">NDNX</marc:subfield></marc:datafield><marc:datafield tag="096" ind1=" " ind2=" "><marc:subfield code="a">x</marc:subfield></marc:datafield><marc:datafield tag="100" ind1="1" ind2=" "><marc:subfield code="a">Hart, Ernest Abraham,</marc:subfield><marc:subfield code="d">1835-1898.</marc:subfield></marc:datafield><marc:datafield tag="245" ind1="1" ind2="0"><marc:subfield code="a">Papers,</marc:subfield><marc:subfield code="f">1873-1895 and undated.</marc:subfield></marc:datafield><marc:datafield tag="300" ind1=" " ind2=" "><marc:subfield code="a">18</marc:subfield><marc:subfield code="f">items.</marc:subfield></marc:datafield><marc:datafield tag="545" ind1=" " ind2=" "><marc:subfield code="a">London physician and editor of the British Medical Journal.</marc:subfield></marc:datafield><marc:datafield tag="520" ind1="8" ind2=" "><marc:subfield code="a">ANS to Hart, relating to social engagements and editorial matters, from Samuel Wilks, Alfred Baring Garrod, John Simon, George Burrows, Thomas Lauder Brunton, William Stokes, Thomas Spencer Wells, Henry Thompson, Joseph Fayrer, James Paget and John Russell Reynolds, among others. Oddly, one note is dated 4 Feb. --18.</marc:subfield></marc:datafield><marc:datafield tag="500" ind1=" " ind2=" "><marc:subfield code="a">Forms part of the Trent Manuscripts Collection.</marc:subfield></marc:datafield><marc:datafield tag="710" ind1="2" ind2=" "><marc:subfield code="a">History of Medicine Collections (Duke University)</marc:subfield></marc:datafield><marc:datafield tag="700" ind1="1" ind2="2"><marc:subfield code="a">Wilks, Samuel,</marc:subfield><marc:subfield code="c">Sir,</marc:subfield><marc:subfield code="d">1824-1911.</marc:subfield></marc:datafield><marc:datafield tag="700" ind1="1" ind2="2"><marc:subfield code="a">Garrod, Alfred Baring,</marc:subfield><marc:subfield code="d">1819-1907.</marc:subfield></marc:datafield><marc:datafield tag="700" ind1="1" ind2="2"><marc:subfield code="a">Simon, John,</marc:subfield><marc:subfield code="c">Sir,</marc:subfield><marc:subfield code="d">1816-1904.</marc:subfield></marc:datafield><marc:datafield tag="700" ind1="1" ind2="2"><marc:subfield code="a">Burrows, George,</marc:subfield><marc:subfield code="c">Sir,</marc:subfield><marc:subfield code="d">1801-1887.</marc:subfield></marc:datafield><marc:datafield tag="700" ind1="1" ind2="2"><marc:subfield code="a">Brunton, T. Lauder</marc:subfield><marc:subfield code="q">(Thomas Lauder),</marc:subfield><marc:subfield code="d">1844-1916.</marc:subfield></marc:datafield><marc:datafield tag="700" ind1="1" ind2="2"><marc:subfield code="a">Stokes, William,</marc:subfield><marc:subfield code="d">1804-1878.</marc:subfield></marc:datafield><marc:datafield tag="700" ind1="1" ind2="2"><marc:subfield code="a">Wells, Spencer,</marc:subfield><marc:subfield code="d">1818-1897.</marc:subfield></marc:datafield><marc:datafield tag="700" ind1="1" ind2="2"><marc:subfield code="a">Thompson, Henry,</marc:subfield><marc:subfield code="c">Sir,</marc:subfield><marc:subfield code="d">1820-1904.</marc:subfield></marc:datafield><marc:datafield tag="700" ind1="1" ind2="2"><marc:subfield code="a">Fayrer, Joseph,</marc:subfield><marc:subfield code="c">Sir,</marc:subfield><marc:subfield code="d">1824-1907.</marc:subfield></marc:datafield><marc:datafield tag="700" ind1="1" ind2="2"><marc:subfield code="a">Paget, James,</marc:subfield><marc:subfield code="c">Sir,</marc:subfield><marc:subfield code="d">1814-1899.</marc:subfield></marc:datafield><marc:datafield tag="700" ind1="1" ind2="2"><marc:subfield code="a">Reynolds, J. Russell</marc:subfield><marc:subfield code="q">(John Russell),</marc:subfield><marc:subfield code="c">Sir,</marc:subfield><marc:subfield code="d">1828-1896.</marc:subfield></marc:datafield></marc:record>