
<marc:record><marc:leader>00595cpm a2200205Ka 4500</marc:leader>
<marc:controlfield tag="001">002138390</marc:controlfield>
<marc:controlfield tag="003">OCoLC</marc:controlfield><marc:controlfield tag="005">20121016143049.0</marc:controlfield><marc:controlfield tag="008">960716q18251873fr                  fre d</marc:controlfield><marc:datafield tag="035" ind1=" " ind2=" "><marc:subfield code="a">35089902</marc:subfield></marc:datafield><marc:datafield tag="040" ind1=" " ind2=" "><marc:subfield code="a">NDK</marc:subfield><marc:subfield code="c">NDK</marc:subfield></marc:datafield><marc:datafield tag="049" ind1=" " ind2=" "><marc:subfield code="a">NDNX</marc:subfield></marc:datafield><marc:datafield tag="096" ind1=" " ind2=" "><marc:subfield code="a">x</marc:subfield></marc:datafield><marc:datafield tag="100" ind1="1" ind2=" "><marc:subfield code="a">Guépin, A.</marc:subfield><marc:subfield code="q">(Ange),</marc:subfield><marc:subfield code="d">1805-1873.</marc:subfield></marc:datafield><marc:datafield tag="245" ind1="1" ind2="0"><marc:subfield code="a">Letter,</marc:subfield><marc:subfield code="f">undated [probably between 1825 and 1873]</marc:subfield></marc:datafield><marc:datafield tag="300" ind1=" " ind2=" "><marc:subfield code="a">1</marc:subfield><marc:subfield code="f">item.</marc:subfield></marc:datafield><marc:datafield tag="545" ind1=" " ind2=" "><marc:subfield code="a">French ophthalmologist.</marc:subfield></marc:datafield><marc:datafield tag="520" ind1="8" ind2=" "><marc:subfield code="a">ALS. Writes of family matters.</marc:subfield></marc:datafield><marc:datafield tag="500" ind1=" " ind2=" "><marc:subfield code="a">Forms part of the Trent Manuscripts Collection.</marc:subfield></marc:datafield><marc:datafield tag="710" ind1="2" ind2=" "><marc:subfield code="a">History of Medicine Collections (Duke University)</marc:subfield></marc:datafield></marc:record>