
<marc:record><marc:leader>01403cpc a2200205Ia 4500</marc:leader>
<marc:controlfield tag="001">002138385</marc:controlfield>
<marc:controlfield tag="003">OCoLC</marc:controlfield><marc:controlfield tag="005">19960716115028.0</marc:controlfield><marc:controlfield tag="008">960716i18251851xxu                 eng d</marc:controlfield><marc:datafield tag="035" ind1=" " ind2=" "><marc:subfield code="a">35089778</marc:subfield></marc:datafield><marc:datafield tag="040" ind1=" " ind2=" "><marc:subfield code="a">NDK</marc:subfield><marc:subfield code="c">NDK</marc:subfield></marc:datafield><marc:datafield tag="049" ind1=" " ind2=" "><marc:subfield code="a">NDNX</marc:subfield></marc:datafield><marc:datafield tag="096" ind1=" " ind2=" "><marc:subfield code="a">x</marc:subfield></marc:datafield><marc:datafield tag="100" ind1="1" ind2=" "><marc:subfield code="a">Gould, Augustus A.</marc:subfield><marc:subfield code="q">(Augustus Addison),</marc:subfield><marc:subfield code="d">1805-1866.</marc:subfield></marc:datafield><marc:datafield tag="245" ind1="1" ind2="0"><marc:subfield code="a">Papers,</marc:subfield><marc:subfield code="f">1825-1851 and undated [bulk, 1825-1827].</marc:subfield></marc:datafield><marc:datafield tag="300" ind1=" " ind2=" "><marc:subfield code="a">9</marc:subfield><marc:subfield code="f">items.</marc:subfield></marc:datafield><marc:datafield tag="545" ind1=" " ind2=" "><marc:subfield code="a">Physician and naturalist of Massachusetts.</marc:subfield></marc:datafield><marc:datafield tag="520" ind1="8" ind2=" "><marc:subfield code="a">ALS. Gould writes of his life as tutor to the family of Mr. McBlair, a wealthy manufacturer of Jericho, Maryland, in long, detailed letters to his father, Nathaniel Duren Gould. In the earlier letters, he describes the trip from Boston, the roads and landscape, and presents a pencil drawing of the McBlair house and surrounding buildings. He writes of the day's routine, his teaching duties, and neighborhood news and gossip. He tells of how he listens for the mail wagon and of his disappointment with his pupils. His letters show that he did manage to keep up with events beyond Jericho, especially in the New England area. In his later letters, he professes a growing interest in medicine and botany. A much later letter informs William Jenks of his election as a Fellow of the American Academy of Arts and Sciences.</marc:subfield></marc:datafield><marc:datafield tag="700" ind1="1" ind2="2"><marc:subfield code="a">Jenks, William,</marc:subfield><marc:subfield code="d">1778-1866.</marc:subfield></marc:datafield><marc:datafield tag="710" ind1="2" ind2=" "><marc:subfield code="a">History of Medicine Collections (Duke University)</marc:subfield></marc:datafield></marc:record>