
<marc:record><marc:leader>00966cpc a2200229Ia 4500</marc:leader>
<marc:controlfield tag="001">002138373</marc:controlfield>
<marc:controlfield tag="003">OCoLC</marc:controlfield><marc:controlfield tag="005">19960716115015.0</marc:controlfield><marc:controlfield tag="008">960712i1851uuuuxxu                 eng d</marc:controlfield><marc:datafield tag="035" ind1=" " ind2=" "><marc:subfield code="a">35074207</marc:subfield></marc:datafield><marc:datafield tag="040" ind1=" " ind2=" "><marc:subfield code="a">NDK</marc:subfield><marc:subfield code="c">NDK</marc:subfield></marc:datafield><marc:datafield tag="049" ind1=" " ind2=" "><marc:subfield code="a">NDNX</marc:subfield></marc:datafield><marc:datafield tag="096" ind1=" " ind2=" "><marc:subfield code="a">x</marc:subfield></marc:datafield><marc:datafield tag="100" ind1="1" ind2=" "><marc:subfield code="a">Gibbes, Robert W.</marc:subfield><marc:subfield code="q">(Robert Wilson),</marc:subfield><marc:subfield code="d">1809-1866.</marc:subfield></marc:datafield><marc:datafield tag="245" ind1="1" ind2="0"><marc:subfield code="a">Papers,</marc:subfield><marc:subfield code="f">1851 and undated.</marc:subfield></marc:datafield><marc:datafield tag="300" ind1=" " ind2=" "><marc:subfield code="a">3</marc:subfield><marc:subfield code="f">items.</marc:subfield></marc:datafield><marc:datafield tag="545" ind1=" " ind2=" "><marc:subfield code="a">Physician and chemist of Charleston and Columbia, S. C.</marc:subfield></marc:datafield><marc:datafield tag="520" ind1="8" ind2=" "><marc:subfield code="a">ALS. Joseph Leidy writes regarding the prices of various anatomical preparations; Samuel George Morton sends a book with an autograph of J. Locke; and John Edwards Holbrook inquires whether the library owns a particular volume of the &quot;Transactions of the Academy of Arts and Sciences of Boston&quot;.</marc:subfield></marc:datafield><marc:datafield tag="700" ind1="1" ind2="2"><marc:subfield code="a">Leidy, Joseph,</marc:subfield><marc:subfield code="d">1823-1891.</marc:subfield></marc:datafield><marc:datafield tag="700" ind1="1" ind2="2"><marc:subfield code="a">Morton, Samuel George,</marc:subfield><marc:subfield code="d">1799-1851.</marc:subfield></marc:datafield><marc:datafield tag="700" ind1="1" ind2="2"><marc:subfield code="a">Holbrook, John Edwards,</marc:subfield><marc:subfield code="d">1794-1871.</marc:subfield></marc:datafield><marc:datafield tag="710" ind1="2" ind2=" "><marc:subfield code="a">History of Medicine Collections (Duke University)</marc:subfield></marc:datafield></marc:record>