
<marc:record><marc:leader>00981npcaa2200229Ka 4500</marc:leader>
<marc:controlfield tag="001">004195229</marc:controlfield>
<marc:controlfield tag="005">20121015163845.0</marc:controlfield><marc:controlfield tag="008">090804s1904    xx                  dan d</marc:controlfield><marc:datafield tag="035" ind1=" " ind2=" "><marc:subfield code="a">429116040</marc:subfield></marc:datafield><marc:datafield tag="040" ind1=" " ind2=" "><marc:subfield code="a">NDK</marc:subfield><marc:subfield code="c">NDK</marc:subfield></marc:datafield><marc:datafield tag="049" ind1=" " ind2=" "><marc:subfield code="a">NDNX</marc:subfield></marc:datafield><marc:datafield tag="099" ind1=" " ind2=" "><marc:subfield code="a">Finsen</marc:subfield></marc:datafield><marc:datafield tag="100" ind1="1" ind2=" "><marc:subfield code="a">Finsen, Niels R.</marc:subfield><marc:subfield code="q">(Niels Ryberg),</marc:subfield><marc:subfield code="d">1860-1904.</marc:subfield></marc:datafield><marc:datafield tag="245" ind1="1" ind2="0"><marc:subfield code="a">Letters from Niels R. Finsen</marc:subfield><marc:subfield code="f">1904</marc:subfield></marc:datafield><marc:datafield tag="300" ind1=" " ind2=" "><marc:subfield code="a">3</marc:subfield><marc:subfield code="f">items.</marc:subfield></marc:datafield><marc:datafield tag="500" ind1=" " ind2=" "><marc:subfield code="a">Letters dated 4/7 1904 [i.e. July 4, 1904 and 2 Aug. 1904.</marc:subfield></marc:datafield><marc:datafield tag="520" ind1=" " ind2=" "><marc:subfield code="a">Letters from Niels R. Finsen, the 1903 Nobel Prize awardee for Medicine or Physiology. Envelope addressed to Hr. Docent Dr. phil.Schmidt-Nielsen, Lysintituts Laboratorium, Rosenvaenget, [Köbenhaven]. Typescript transcription of the Danish text and English translation.</marc:subfield></marc:datafield><marc:datafield tag="500" ind1=" " ind2=" "><marc:subfield code="a">Forms part of the Trent Manuscripts Collection.</marc:subfield></marc:datafield><marc:datafield tag="541" ind1=" " ind2=" "><marc:subfield code="a">Gift: Knut Schmidt-Nielsen.</marc:subfield></marc:datafield><marc:datafield tag="650" ind1=" " ind2="2"><marc:subfield code="a">Correspondence as Topic.</marc:subfield></marc:datafield><marc:datafield tag="710" ind1="2" ind2=" "><marc:subfield code="a">History of Medicine Collections (Duke University)</marc:subfield></marc:datafield><marc:datafield tag="700" ind1="1" ind2=" "><marc:subfield code="a">Schmidt-Nielsen, Sigval.</marc:subfield></marc:datafield></marc:record>