
<marc:record><marc:leader>01042cpc a2200265Ia 4500</marc:leader>
<marc:controlfield tag="001">002137072</marc:controlfield>
<marc:controlfield tag="003">OCoLC</marc:controlfield><marc:controlfield tag="005">19960712133509.0</marc:controlfield><marc:controlfield tag="008">960711i18471847pau                 eng d</marc:controlfield><marc:datafield tag="035" ind1=" " ind2=" "><marc:subfield code="a">35060642</marc:subfield></marc:datafield><marc:datafield tag="040" ind1=" " ind2=" "><marc:subfield code="a">NDK</marc:subfield><marc:subfield code="c">NDK</marc:subfield></marc:datafield><marc:datafield tag="049" ind1=" " ind2=" "><marc:subfield code="a">NDNX</marc:subfield></marc:datafield><marc:datafield tag="096" ind1=" " ind2=" "><marc:subfield code="a">x</marc:subfield></marc:datafield><marc:datafield tag="100" ind1="1" ind2=" "><marc:subfield code="a">Emerson, G.</marc:subfield><marc:subfield code="q">(Gouverneur),</marc:subfield><marc:subfield code="d">1796-1874.</marc:subfield></marc:datafield><marc:datafield tag="245" ind1="1" ind2="0"><marc:subfield code="a">Papers,</marc:subfield><marc:subfield code="f">1847, Oct. 7 and Nov. 8,</marc:subfield><marc:subfield code="b">Philadelphia, to Mrs. Allen, Providence.</marc:subfield></marc:datafield><marc:datafield tag="300" ind1=" " ind2=" "><marc:subfield code="a">2</marc:subfield><marc:subfield code="f">items.</marc:subfield></marc:datafield><marc:datafield tag="545" ind1=" " ind2=" "><marc:subfield code="a">Physician and agriculturalist of Philadelphia.</marc:subfield></marc:datafield><marc:datafield tag="520" ind1="8" ind2=" "><marc:subfield code="a">2 ALS. Emerson sends additions to Mrs. Allen's collection and gives brief biographical synopses of each person, including Judge Hopkinson, Dr. Physick, Mathew Carey, Dr. Morton, Dr. Rush and Stephen Girard.</marc:subfield></marc:datafield><marc:datafield tag="600" ind1="1" ind2="2"><marc:subfield code="a">Hopkinson, Joseph,</marc:subfield><marc:subfield code="d">1770-1842.</marc:subfield></marc:datafield><marc:datafield tag="600" ind1="1" ind2="2"><marc:subfield code="a">Physick, Philip Syng,</marc:subfield><marc:subfield code="d">1768-1837.</marc:subfield></marc:datafield><marc:datafield tag="600" ind1="1" ind2="2"><marc:subfield code="a">Carey, Mathew,</marc:subfield><marc:subfield code="d">1760-1839.</marc:subfield></marc:datafield><marc:datafield tag="600" ind1="1" ind2="2"><marc:subfield code="a">Morton, Samuel George,</marc:subfield><marc:subfield code="d">1799-1851.</marc:subfield></marc:datafield><marc:datafield tag="600" ind1="1" ind2="2"><marc:subfield code="a">Rush, Benjamin,</marc:subfield><marc:subfield code="d">1746-1813.</marc:subfield></marc:datafield><marc:datafield tag="600" ind1="1" ind2="2"><marc:subfield code="a">Girard, Stephen,</marc:subfield><marc:subfield code="d">1750-1831.</marc:subfield></marc:datafield><marc:datafield tag="710" ind1="2" ind2=" "><marc:subfield code="a">History of Medicine Collections (Duke University)</marc:subfield></marc:datafield></marc:record>