
<marc:record><marc:leader>01082cpc a2200205Ia 450 </marc:leader>
<marc:controlfield tag="001">002137068</marc:controlfield>
<marc:controlfield tag="003">OCoLC</marc:controlfield><marc:controlfield tag="005">19960712133507.0</marc:controlfield><marc:controlfield tag="008">960711i17921805vp                  ger d</marc:controlfield><marc:datafield tag="035" ind1=" " ind2=" "><marc:subfield code="a">35060115</marc:subfield></marc:datafield><marc:datafield tag="040" ind1=" " ind2=" "><marc:subfield code="a">NDK</marc:subfield><marc:subfield code="c">NDK</marc:subfield></marc:datafield><marc:datafield tag="049" ind1=" " ind2=" "><marc:subfield code="a">NDNX</marc:subfield></marc:datafield><marc:datafield tag="096" ind1=" " ind2=" "><marc:subfield code="a">x</marc:subfield></marc:datafield><marc:datafield tag="100" ind1="1" ind2=" "><marc:subfield code="a">Ehrmann, Johann Christian,</marc:subfield><marc:subfield code="d">1749-1827.</marc:subfield></marc:datafield><marc:datafield tag="245" ind1="1" ind2="0"><marc:subfield code="a">Papers,</marc:subfield><marc:subfield code="f">1792-1805.</marc:subfield></marc:datafield><marc:datafield tag="300" ind1=" " ind2=" "><marc:subfield code="a">8</marc:subfield><marc:subfield code="f">items.</marc:subfield></marc:datafield><marc:datafield tag="545" ind1=" " ind2=" "><marc:subfield code="a">German military physician in Frankfurt am Main.</marc:subfield></marc:datafield><marc:datafield tag="520" ind1="8" ind2=" "><marc:subfield code="a">Papers are in German and in French. Michel-Augustin Thouret acknowledges receipt of a box of medical instruments. Other material relates to Ehrmann in his capacity as military physician. An autograph certificate, signed by Ehrmann, protests the treatment of the French dead, citing his own futile efforts to obtain a death certificate for a French grenadier. This document was promptly returned, accompanied by a note from his supervisor informing him that it could not be submitted to the minister in its present form.</marc:subfield></marc:datafield><marc:datafield tag="700" ind1="1" ind2="2"><marc:subfield code="a">Thouret, Michel-Augustin,</marc:subfield><marc:subfield code="d">1748 or 1749-1810.</marc:subfield></marc:datafield><marc:datafield tag="710" ind1="2" ind2=" "><marc:subfield code="a">History of Medicine Collections (Duke University)</marc:subfield></marc:datafield></marc:record>