
<marc:record><marc:leader>00759cpm a2200217Ia 4500</marc:leader>
<marc:controlfield tag="001">002143891</marc:controlfield>
<marc:controlfield tag="003">OCoLC</marc:controlfield><marc:controlfield tag="005">19960724123026.0</marc:controlfield><marc:controlfield tag="008">960724s1819    enk                 eng d</marc:controlfield><marc:datafield tag="035" ind1=" " ind2=" "><marc:subfield code="a">35129874</marc:subfield></marc:datafield><marc:datafield tag="040" ind1=" " ind2=" "><marc:subfield code="a">NDK</marc:subfield><marc:subfield code="c">NDK</marc:subfield></marc:datafield><marc:datafield tag="049" ind1=" " ind2=" "><marc:subfield code="a">NDNX</marc:subfield></marc:datafield><marc:datafield tag="096" ind1=" " ind2=" "><marc:subfield code="a">x</marc:subfield></marc:datafield><marc:datafield tag="100" ind1="0" ind2=" "><marc:subfield code="a">Edward Augustus,</marc:subfield><marc:subfield code="c">Prince, Duke of Kent,</marc:subfield><marc:subfield code="d">1767-1820.</marc:subfield></marc:datafield><marc:datafield tag="245" ind1="1" ind2="0"><marc:subfield code="a">Letter,</marc:subfield><marc:subfield code="f">1819, Aug. 2,</marc:subfield><marc:subfield code="b">Kensington Palace, to Colonel Houlton, Brussels.</marc:subfield></marc:datafield><marc:datafield tag="300" ind1=" " ind2=" "><marc:subfield code="a">1</marc:subfield><marc:subfield code="f">item.</marc:subfield></marc:datafield><marc:datafield tag="545" ind1=" " ind2=" "><marc:subfield code="a">Father of Queen Victoria.</marc:subfield></marc:datafield><marc:datafield tag="520" ind1="8" ind2=" "><marc:subfield code="a">LS. A letter relating to the Duke's business affairs, in which mention is made of the vaccination of &quot;our little Victoria&quot;.</marc:subfield></marc:datafield><marc:datafield tag="600" ind1="0" ind2="2"><marc:subfield code="a">Victoria,</marc:subfield><marc:subfield code="c">Queen of Great Britain,</marc:subfield><marc:subfield code="d">1819-1901.</marc:subfield></marc:datafield><marc:datafield tag="650" ind1=" " ind2="2"><marc:subfield code="a">Vaccination.</marc:subfield></marc:datafield><marc:datafield tag="710" ind1="2" ind2=" "><marc:subfield code="a">History of Medicine Collections (Duke University)</marc:subfield></marc:datafield></marc:record>