
<marc:record><marc:leader>00702cpc a2200193Ia 4500</marc:leader>
<marc:controlfield tag="001">002137056</marc:controlfield>
<marc:controlfield tag="003">OCoLC</marc:controlfield><marc:controlfield tag="005">19960712133457.0</marc:controlfield><marc:controlfield tag="008">960711i18741874fr                  fre d</marc:controlfield><marc:datafield tag="035" ind1=" " ind2=" "><marc:subfield code="a">35059824</marc:subfield></marc:datafield><marc:datafield tag="040" ind1=" " ind2=" "><marc:subfield code="a">NDK</marc:subfield><marc:subfield code="c">NDK</marc:subfield></marc:datafield><marc:datafield tag="049" ind1=" " ind2=" "><marc:subfield code="a">NDNX</marc:subfield></marc:datafield><marc:datafield tag="096" ind1=" " ind2=" "><marc:subfield code="a">x</marc:subfield></marc:datafield><marc:datafield tag="100" ind1="1" ind2=" "><marc:subfield code="a">Duchenne, G.-B.</marc:subfield><marc:subfield code="q">(Guillaume-Benjamin),</marc:subfield><marc:subfield code="d">1806-1875.</marc:subfield></marc:datafield><marc:datafield tag="245" ind1="1" ind2="0"><marc:subfield code="a">Papers,</marc:subfield><marc:subfield code="f">1874, Feb. 18-Nov. 22,</marc:subfield><marc:subfield code="b">Paris.</marc:subfield></marc:datafield><marc:datafield tag="300" ind1=" " ind2=" "><marc:subfield code="a">2</marc:subfield><marc:subfield code="f">items.</marc:subfield></marc:datafield><marc:datafield tag="545" ind1=" " ind2=" "><marc:subfield code="a">Self-educated French pathologist and founder of modern electrotherapeutic methods.</marc:subfield></marc:datafield><marc:datafield tag="520" ind1="8" ind2=" "><marc:subfield code="a">ANS and ALS. Duchenne relates the case history of a Mr. C., a patient with Parkinson's disease, and his treatment with electrotherapy.</marc:subfield></marc:datafield><marc:datafield tag="710" ind1="2" ind2=" "><marc:subfield code="a">History of Medicine Collections (Duke University)</marc:subfield></marc:datafield></marc:record>