
<marc:record><marc:leader>00858cpm a2200217Ia 4500</marc:leader>
<marc:controlfield tag="001">002132170</marc:controlfield>
<marc:controlfield tag="003">OCoLC</marc:controlfield><marc:controlfield tag="005">20121013145317.0</marc:controlfield><marc:controlfield tag="008">960628s1829    mdu                 eng d</marc:controlfield><marc:datafield tag="035" ind1=" " ind2=" "><marc:subfield code="a">35006527</marc:subfield></marc:datafield><marc:datafield tag="040" ind1=" " ind2=" "><marc:subfield code="a">NDK</marc:subfield><marc:subfield code="c">NDK</marc:subfield></marc:datafield><marc:datafield tag="049" ind1=" " ind2=" "><marc:subfield code="a">NDNX</marc:subfield></marc:datafield><marc:datafield tag="096" ind1=" " ind2=" "><marc:subfield code="a">x</marc:subfield></marc:datafield><marc:datafield tag="100" ind1="1" ind2=" "><marc:subfield code="a">Condict, Lewis,</marc:subfield><marc:subfield code="d">1773-1862.</marc:subfield></marc:datafield><marc:datafield tag="245" ind1="1" ind2="0"><marc:subfield code="a">Letter,</marc:subfield><marc:subfield code="f">1829, Mar. 6,</marc:subfield><marc:subfield code="b">Baltimore, to Tristam Buyes, Washington.</marc:subfield></marc:datafield><marc:datafield tag="300" ind1=" " ind2=" "><marc:subfield code="a">1</marc:subfield><marc:subfield code="f">item.</marc:subfield></marc:datafield><marc:datafield tag="545" ind1=" " ind2=" "><marc:subfield code="a">Physician of Morristown, New Jersey, and member of the New Jersey legislature and of the U. S. Congress.</marc:subfield></marc:datafield><marc:datafield tag="520" ind1="8" ind2=" "><marc:subfield code="a">ALS. On his way home from the presidential inauguration, Condict remarks critically upon President Andrew Jackson's address and his cabinet.</marc:subfield></marc:datafield><marc:datafield tag="500" ind1=" " ind2=" "><marc:subfield code="a">Forms part of the Trent Manuscript Collection.</marc:subfield></marc:datafield><marc:datafield tag="610" ind1="2" ind2="2"><marc:subfield code="a">United States.</marc:subfield><marc:subfield code="b">President (1829-1837 : Jackson)</marc:subfield></marc:datafield><marc:datafield tag="710" ind1="2" ind2=" "><marc:subfield code="a">History of Medicine Collections (Duke University)</marc:subfield></marc:datafield></marc:record>