
<marc:record><marc:leader>00960cpm a2200229Ia 4500</marc:leader>
<marc:controlfield tag="001">002132165</marc:controlfield>
<marc:controlfield tag="003">OCoLC</marc:controlfield><marc:controlfield tag="005">20121013144451.0</marc:controlfield><marc:controlfield tag="008">960628s1837    pau                 eng d</marc:controlfield><marc:datafield tag="035" ind1=" " ind2=" "><marc:subfield code="a">35006056</marc:subfield></marc:datafield><marc:datafield tag="040" ind1=" " ind2=" "><marc:subfield code="a">NDK</marc:subfield><marc:subfield code="c">NDK</marc:subfield></marc:datafield><marc:datafield tag="049" ind1=" " ind2=" "><marc:subfield code="a">NDNX</marc:subfield></marc:datafield><marc:datafield tag="096" ind1=" " ind2=" "><marc:subfield code="a">x</marc:subfield></marc:datafield><marc:datafield tag="100" ind1="1" ind2=" "><marc:subfield code="a">Coates, Reynell,</marc:subfield><marc:subfield code="d">1802-1886.</marc:subfield></marc:datafield><marc:datafield tag="245" ind1="1" ind2="0"><marc:subfield code="a">Document,</marc:subfield><marc:subfield code="f">1837, Aug. 24,</marc:subfield><marc:subfield code="b">Philadelphia.</marc:subfield></marc:datafield><marc:datafield tag="300" ind1=" " ind2=" "><marc:subfield code="a">1</marc:subfield><marc:subfield code="f">item.</marc:subfield></marc:datafield><marc:datafield tag="545" ind1=" " ind2=" "><marc:subfield code="a">Physician and scientist, of Philadelphia.</marc:subfield></marc:datafield><marc:datafield tag="520" ind1="8" ind2=" "><marc:subfield code="a">Holograph, signed and addressed to Joseph Couthouy. An extract from the minutes of a meeting of the members of the South Sea Surveying and Exploring Expedition. Conveys the resolution to empower Couthouy to secure books and instruments for the Expedition in the Boston area.</marc:subfield></marc:datafield><marc:datafield tag="500" ind1=" " ind2=" "><marc:subfield code="a">Forms part of the Trent Manuscripts Collection.</marc:subfield></marc:datafield><marc:datafield tag="611" ind1="2" ind2="2"><marc:subfield code="a">United States Exploring Expedition</marc:subfield><marc:subfield code="d">(1838-1842).</marc:subfield></marc:datafield><marc:datafield tag="700" ind1="1" ind2="2"><marc:subfield code="a">Couthouy, Joseph Pitty,</marc:subfield><marc:subfield code="d">1808-1864.</marc:subfield></marc:datafield><marc:datafield tag="710" ind1="2" ind2=" "><marc:subfield code="a">History of Medicine Collections (Duke University)</marc:subfield></marc:datafield></marc:record>