
<marc:record><marc:leader>01118cpc a2200241Ia 4500</marc:leader>
<marc:controlfield tag="001">002132146</marc:controlfield>
<marc:controlfield tag="005">20120112131239.0</marc:controlfield><marc:controlfield tag="008">960628i18391881stk                 eng d</marc:controlfield><marc:datafield tag="035" ind1=" " ind2=" "><marc:subfield code="a">35005228</marc:subfield></marc:datafield><marc:datafield tag="040" ind1=" " ind2=" "><marc:subfield code="a">NDK</marc:subfield><marc:subfield code="c">NDK</marc:subfield><marc:subfield code="d">OCLCG</marc:subfield><marc:subfield code="d">NDD</marc:subfield></marc:datafield><marc:datafield tag="049" ind1=" " ind2=" "><marc:subfield code="a">NDDP</marc:subfield></marc:datafield><marc:datafield tag="100" ind1="1" ind2=" "><marc:subfield code="a">Christison, Robert,</marc:subfield><marc:subfield code="c">Sir,</marc:subfield><marc:subfield code="d">1797-1882.</marc:subfield></marc:datafield><marc:datafield tag="245" ind1="1" ind2="0"><marc:subfield code="a">Robert Christison papers,</marc:subfield><marc:subfield code="f">1839-1881 and undated,</marc:subfield><marc:subfield code="b">Edinburgh, Scotland.</marc:subfield></marc:datafield><marc:datafield tag="300" ind1=" " ind2=" "><marc:subfield code="a">5</marc:subfield><marc:subfield code="f">items.</marc:subfield></marc:datafield><marc:datafield tag="500" ind1=" " ind2=" "><marc:subfield code="a">Forms part of the History of Medicine Trent Manuscripts Collection.</marc:subfield></marc:datafield><marc:datafield tag="545" ind1=" " ind2=" "><marc:subfield code="a">Scottish toxicologist and pharmacologist.</marc:subfield></marc:datafield><marc:datafield tag="520" ind1="8" ind2=" "><marc:subfield code="a">5 letters (ALS). Includes letters to J. Forbes Royle, comparing East Indian and American caoutchouc (rubber); to John Ashburton Thompson, remarking upon the &quot;power of coca to remove bodily fatigue&quot;; and to Ernest Hart, disparaging the antivivisection movement.</marc:subfield></marc:datafield><marc:datafield tag="541" ind1=" " ind2=" "><marc:subfield code="a">Source unknown.</marc:subfield></marc:datafield><marc:datafield tag="600" ind1="1" ind2="0"><marc:subfield code="a">Christison, Robert,</marc:subfield><marc:subfield code="c">Sir,</marc:subfield><marc:subfield code="d">1797-1882.</marc:subfield></marc:datafield><marc:datafield tag="700" ind1="1" ind2="2"><marc:subfield code="a">Royle, J. Forbes</marc:subfield><marc:subfield code="q">(John Forbes),</marc:subfield><marc:subfield code="d">1799?-1858.</marc:subfield></marc:datafield><marc:datafield tag="700" ind1="1" ind2="2"><marc:subfield code="a">Thompson, John Ashburton,</marc:subfield><marc:subfield code="d">1848-1915.</marc:subfield></marc:datafield><marc:datafield tag="700" ind1="1" ind2="2"><marc:subfield code="a">Hart, Ernest Abraham,</marc:subfield><marc:subfield code="d">1835-1898.</marc:subfield></marc:datafield><marc:datafield tag="710" ind1="2" ind2=" "><marc:subfield code="a">History of Medicine Collections (Duke University)</marc:subfield></marc:datafield></marc:record>