
<marc:record><marc:leader>00823ctm a2200205Ka 4500</marc:leader>
<marc:controlfield tag="001">002169148</marc:controlfield>
<marc:controlfield tag="005">20120106154420.0</marc:controlfield><marc:controlfield tag="008">960911s1833    gw            000 0 ger d</marc:controlfield><marc:datafield tag="035" ind1=" " ind2=" "><marc:subfield code="a">35519994</marc:subfield></marc:datafield><marc:datafield tag="040" ind1=" " ind2=" "><marc:subfield code="a">NDK</marc:subfield><marc:subfield code="c">NDK</marc:subfield><marc:subfield code="d">OCLCQ</marc:subfield><marc:subfield code="d">OCLCG</marc:subfield><marc:subfield code="d">NDD</marc:subfield></marc:datafield><marc:datafield tag="049" ind1=" " ind2=" "><marc:subfield code="a">NDDP</marc:subfield></marc:datafield><marc:datafield tag="100" ind1="1" ind2=" "><marc:subfield code="a">Chelius, J. M.</marc:subfield><marc:subfield code="q">(Joseph Maximilian),</marc:subfield><marc:subfield code="d">1794-1876.</marc:subfield></marc:datafield><marc:datafield tag="245" ind1="1" ind2="0"><marc:subfield code="a">Joseph Maximilian Chelius letter,</marc:subfield><marc:subfield code="f">1833, Jun. 16,</marc:subfield><marc:subfield code="b">Heidelberg, Germany.</marc:subfield></marc:datafield><marc:datafield tag="300" ind1=" " ind2=" "><marc:subfield code="a">1</marc:subfield><marc:subfield code="f">item.</marc:subfield></marc:datafield><marc:datafield tag="500" ind1=" " ind2=" "><marc:subfield code="a">Forms part of the History of Medicine Trent Manuscripts Collection.</marc:subfield></marc:datafield><marc:datafield tag="545" ind1=" " ind2=" "><marc:subfield code="a">German surgeon.</marc:subfield></marc:datafield><marc:datafield tag="520" ind1="8" ind2=" "><marc:subfield code="a">A letter (ALS) of sympathy on the occasion of the death of the addressee's mother-in-law. A biographical note accompanies letter.</marc:subfield></marc:datafield><marc:datafield tag="541" ind1=" " ind2=" "><marc:subfield code="a">Source unknown.</marc:subfield></marc:datafield><marc:datafield tag="600" ind1="1" ind2="0"><marc:subfield code="a">Chelius, J. M.</marc:subfield><marc:subfield code="q">(Joseph Maximilian),</marc:subfield><marc:subfield code="d">1794-1876.</marc:subfield></marc:datafield><marc:datafield tag="710" ind1="2" ind2=" "><marc:subfield code="a">History of Medicine Collections (Duke University)</marc:subfield></marc:datafield></marc:record>