
<marc:record><marc:leader>01064cpc a2200229Ia 4500</marc:leader>
<marc:controlfield tag="001">002132138</marc:controlfield>
<marc:controlfield tag="005">20120105120434.0</marc:controlfield><marc:controlfield tag="008">960628i18261829pau                 eng d</marc:controlfield><marc:datafield tag="035" ind1=" " ind2=" "><marc:subfield code="a">35005005</marc:subfield></marc:datafield><marc:datafield tag="040" ind1=" " ind2=" "><marc:subfield code="a">NDK</marc:subfield><marc:subfield code="c">NDK</marc:subfield><marc:subfield code="d">OCLCG</marc:subfield><marc:subfield code="d">NDD</marc:subfield></marc:datafield><marc:datafield tag="049" ind1=" " ind2=" "><marc:subfield code="a">NDDP</marc:subfield></marc:datafield><marc:datafield tag="100" ind1="1" ind2=" "><marc:subfield code="a">Chapman, Nathaniel,</marc:subfield><marc:subfield code="d">1780-1853.</marc:subfield></marc:datafield><marc:datafield tag="245" ind1="1" ind2="0"><marc:subfield code="a">Nathaniel Chapman papers,</marc:subfield><marc:subfield code="f">1826-1829 and undated,</marc:subfield><marc:subfield code="b">[Philadelphia, Pennsylvania].</marc:subfield></marc:datafield><marc:datafield tag="300" ind1=" " ind2=" "><marc:subfield code="a">4</marc:subfield><marc:subfield code="f">items.</marc:subfield></marc:datafield><marc:datafield tag="500" ind1=" " ind2=" "><marc:subfield code="a">Forms part of the History of Medicine Trent Manuscripts Collection.</marc:subfield></marc:datafield><marc:datafield tag="545" ind1=" " ind2=" "><marc:subfield code="a">Physician and professor at the University of Pennsylvania.</marc:subfield></marc:datafield><marc:datafield tag="520" ind1="8" ind2=" "><marc:subfield code="a">Letter (ALS) recommending Dr. Barrington for naval service, bearing a recommendation by William E. Horner; 2 letters (ALS) regarding a treatment for a stomach disorder; holograph notes, probably in Samuel Jackson's hand, regarding this treatment.</marc:subfield></marc:datafield><marc:datafield tag="541" ind1=" " ind2=" "><marc:subfield code="a">Source unknown.</marc:subfield></marc:datafield><marc:datafield tag="600" ind1="1" ind2="0"><marc:subfield code="a">Chapman, Nathaniel,</marc:subfield><marc:subfield code="d">1780-1853.</marc:subfield></marc:datafield><marc:datafield tag="700" ind1="1" ind2="2"><marc:subfield code="a">Horner, William E.</marc:subfield><marc:subfield code="q">(William Edmonds),</marc:subfield><marc:subfield code="d">1793-1853.</marc:subfield></marc:datafield><marc:datafield tag="700" ind1="1" ind2="2"><marc:subfield code="a">Jackson, Samuel,</marc:subfield><marc:subfield code="d">1787-1872.</marc:subfield></marc:datafield><marc:datafield tag="710" ind1="2" ind2=" "><marc:subfield code="a">History of Medicine Collections (Duke University)</marc:subfield></marc:datafield></marc:record>