
<marc:record><marc:leader>01428ctm a2200265Ia 4500</marc:leader>
<marc:controlfield tag="001">001618138</marc:controlfield>
<marc:controlfield tag="005">20120106164004.0</marc:controlfield><marc:controlfield tag="008">941111s1786    ne            000 0 fre d</marc:controlfield><marc:datafield tag="035" ind1=" " ind2=" "><marc:subfield code="a">31445022</marc:subfield></marc:datafield><marc:datafield tag="040" ind1=" " ind2=" "><marc:subfield code="a">NDK</marc:subfield><marc:subfield code="c">NDK</marc:subfield><marc:subfield code="d">OCLCQ</marc:subfield><marc:subfield code="d">OCLCG</marc:subfield><marc:subfield code="d">NDD</marc:subfield></marc:datafield><marc:datafield tag="049" ind1=" " ind2=" "><marc:subfield code="a">NDDP</marc:subfield></marc:datafield><marc:datafield tag="100" ind1="1" ind2=" "><marc:subfield code="a">Camper, Petrus,</marc:subfield><marc:subfield code="d">1722-1789.</marc:subfield></marc:datafield><marc:datafield tag="245" ind1="1" ind2="0"><marc:subfield code="a">Petrus Camper letter,</marc:subfield><marc:subfield code="f">1786, Oct. 9,</marc:subfield><marc:subfield code="b">Lem Lankum, [the Netherlands], to Johann Heinrich Merck, Darmstadt, Germany.</marc:subfield></marc:datafield><marc:datafield tag="300" ind1=" " ind2=" "><marc:subfield code="a">6</marc:subfield><marc:subfield code="f">items.</marc:subfield></marc:datafield><marc:datafield tag="500" ind1=" " ind2=" "><marc:subfield code="a">Forms part of the History of Medicine Trent Manuscripts Collection.</marc:subfield></marc:datafield><marc:datafield tag="545" ind1=" " ind2=" "><marc:subfield code="a">Dutch physician, anatomist and naturalist.</marc:subfield></marc:datafield><marc:datafield tag="520" ind1="8" ind2=" "><marc:subfield code="a">Letter (ALS). Typescript of French original and typed English translation are available. Discusses the petrified fossils of Montmartre, Maestricht, and Euhstedt and the cetaceans at M. de Buffon's in Paris. Expresses disappointment at being unable to see Goethe, touching on the troubled internal political affairs of the Netherlands. Announces intention to make a short trip to Germany in the spring in order to visit Merck and Soemmerring.</marc:subfield></marc:datafield><marc:datafield tag="541" ind1=" " ind2=" "><marc:subfield code="a">Source unknown.</marc:subfield></marc:datafield><marc:datafield tag="600" ind1="1" ind2="0"><marc:subfield code="a">Camper, Petrus,</marc:subfield><marc:subfield code="d">1722-1789.</marc:subfield></marc:datafield><marc:datafield tag="600" ind1="1" ind2="2"><marc:subfield code="a">Merck, Johann Heinrich,</marc:subfield><marc:subfield code="d">1741-1791.</marc:subfield></marc:datafield><marc:datafield tag="600" ind1="1" ind2="2"><marc:subfield code="a">Buffon, Georges Louis Leclerc,</marc:subfield><marc:subfield code="c">comte de,</marc:subfield><marc:subfield code="d">1707-1788.</marc:subfield></marc:datafield><marc:datafield tag="600" ind1="1" ind2="2"><marc:subfield code="a">Goethe, Johann Wolfgang von,</marc:subfield><marc:subfield code="d">1749-1832.</marc:subfield></marc:datafield><marc:datafield tag="600" ind1="1" ind2="2"><marc:subfield code="a">Soemmerring, Samuel Thomas von,</marc:subfield><marc:subfield code="d">1755-1830.</marc:subfield></marc:datafield><marc:datafield tag="650" ind1=" " ind2="2"><marc:subfield code="a">Fossils.</marc:subfield></marc:datafield><marc:datafield tag="710" ind1="2" ind2=" "><marc:subfield code="a">History of Medicine Collections (Duke University)</marc:subfield></marc:datafield></marc:record>