
<marc:record><marc:leader>01177cpc a2200253Ia 4500</marc:leader>
<marc:controlfield tag="001">002156027</marc:controlfield>
<marc:controlfield tag="005">20120106153014.0</marc:controlfield><marc:controlfield tag="008">941111i18161838nyu                 eng d</marc:controlfield><marc:datafield tag="035" ind1=" " ind2=" "><marc:subfield code="a">31444930</marc:subfield></marc:datafield><marc:datafield tag="040" ind1=" " ind2=" "><marc:subfield code="a">NDK</marc:subfield><marc:subfield code="c">NDK</marc:subfield><marc:subfield code="d">OCLCQ</marc:subfield><marc:subfield code="d">OCLCG</marc:subfield><marc:subfield code="d">NDD</marc:subfield></marc:datafield><marc:datafield tag="049" ind1=" " ind2=" "><marc:subfield code="a">NDDP</marc:subfield></marc:datafield><marc:datafield tag="100" ind1="1" ind2=" "><marc:subfield code="a">Caldwell, Charles,</marc:subfield><marc:subfield code="d">1772-1853.</marc:subfield></marc:datafield><marc:datafield tag="245" ind1="1" ind2="0"><marc:subfield code="a">Charles Caldwell letters,</marc:subfield><marc:subfield code="f">1816-1838,</marc:subfield><marc:subfield code="b">New York.</marc:subfield></marc:datafield><marc:datafield tag="300" ind1=" " ind2=" "><marc:subfield code="a">2</marc:subfield><marc:subfield code="f">items.</marc:subfield></marc:datafield><marc:datafield tag="500" ind1=" " ind2=" "><marc:subfield code="a">Forms part of the History of Medicine Trent Manuscripts Collection.</marc:subfield></marc:datafield><marc:datafield tag="545" ind1=" " ind2=" "><marc:subfield code="a">Surgeon and professor of medicine.</marc:subfield></marc:datafield><marc:datafield tag="520" ind1="8" ind2=" "><marc:subfield code="a">Letter (ALS) to Nahum Capen, restating the argument of Caldwell's book, Phrenology Vindicated, and Anti-Phrenology Unmasked, and a letter (ALS) to Reverend Samuel Gilman, relating to personal matters.</marc:subfield></marc:datafield><marc:datafield tag="541" ind1=" " ind2=" "><marc:subfield code="a">Source unknown;</marc:subfield><marc:subfield code="c">ALS to Caper - 1985 bartered exchange; ALS to Gilman - 12/10/76 Antiquarium $50.00 (Assoc. of Trent Coll.)</marc:subfield></marc:datafield><marc:datafield tag="600" ind1="1" ind2="0"><marc:subfield code="a">Caldwell, Charles,</marc:subfield><marc:subfield code="d">1772-1853.</marc:subfield></marc:datafield><marc:datafield tag="600" ind1="1" ind2="2"><marc:subfield code="a">Caldwell, Charles,</marc:subfield><marc:subfield code="d">1772-1853.</marc:subfield><marc:subfield code="t">Phrenology vindicated, and antiphrenology unmasked.</marc:subfield></marc:datafield><marc:datafield tag="650" ind1=" " ind2="2"><marc:subfield code="a">Phrenology.</marc:subfield></marc:datafield><marc:datafield tag="700" ind1="1" ind2=" "><marc:subfield code="a">Capen, Nahum,</marc:subfield><marc:subfield code="d">1804-1886.</marc:subfield></marc:datafield><marc:datafield tag="700" ind1="1" ind2=" "><marc:subfield code="a">Gilman, Samuel,</marc:subfield><marc:subfield code="d">1791-1858.</marc:subfield></marc:datafield><marc:datafield tag="710" ind1="2" ind2=" "><marc:subfield code="a">History of Medicine Collections (Duke University)</marc:subfield></marc:datafield></marc:record>