
<marc:record><marc:leader>00850cpc a2200205Ia 4500</marc:leader>
<marc:controlfield tag="001">002132132</marc:controlfield>
<marc:controlfield tag="005">20120106163836.0</marc:controlfield><marc:controlfield tag="008">960628i18761877vau                 eng d</marc:controlfield><marc:datafield tag="035" ind1=" " ind2=" "><marc:subfield code="a">35004506</marc:subfield></marc:datafield><marc:datafield tag="040" ind1=" " ind2=" "><marc:subfield code="a">NDK</marc:subfield><marc:subfield code="c">NDK</marc:subfield><marc:subfield code="d">OCLCG</marc:subfield><marc:subfield code="d">NDD</marc:subfield></marc:datafield><marc:datafield tag="049" ind1=" " ind2=" "><marc:subfield code="a">NDDP</marc:subfield></marc:datafield><marc:datafield tag="100" ind1="1" ind2=" "><marc:subfield code="a">Cabell, J. L.</marc:subfield><marc:subfield code="q">(James Lawrence),</marc:subfield><marc:subfield code="d">1813-1889.</marc:subfield></marc:datafield><marc:datafield tag="245" ind1="1" ind2="0"><marc:subfield code="a">James Lawrence Cabell papers,</marc:subfield><marc:subfield code="f">1876-1877,</marc:subfield><marc:subfield code="b">[Charlottesville, Virginia]</marc:subfield></marc:datafield><marc:datafield tag="300" ind1=" " ind2=" "><marc:subfield code="a">3</marc:subfield><marc:subfield code="f">items.</marc:subfield></marc:datafield><marc:datafield tag="500" ind1=" " ind2=" "><marc:subfield code="a">Forms part of the History of Medicine Trent Manuscripts Collection.</marc:subfield></marc:datafield><marc:datafield tag="545" ind1=" " ind2=" "><marc:subfield code="a">Confederate hospital head, professor and chairman of the faculty at the University of Virginia.</marc:subfield></marc:datafield><marc:datafield tag="520" ind1="8" ind2=" "><marc:subfield code="a">Notes (ANS) instructing the proctor to pay the monthly salaries of two infirmary employees.</marc:subfield></marc:datafield><marc:datafield tag="541" ind1=" " ind2=" "><marc:subfield code="a">Source unknown.</marc:subfield></marc:datafield><marc:datafield tag="600" ind1="1" ind2="0"><marc:subfield code="a">Cabell, J. L.</marc:subfield><marc:subfield code="q">(James Lawrence),</marc:subfield><marc:subfield code="d">1813-1889.</marc:subfield></marc:datafield><marc:datafield tag="710" ind1="2" ind2=" "><marc:subfield code="a">History of Medicine Collections (Duke University)</marc:subfield></marc:datafield></marc:record>