
<marc:record><marc:leader>00874ctmaa2200205Ka 4500</marc:leader>
<marc:controlfield tag="001">002119544</marc:controlfield>
<marc:controlfield tag="005">20120106163646.0</marc:controlfield><marc:controlfield tag="008">960603s1893    nyu           000 0 eng d</marc:controlfield><marc:datafield tag="035" ind1=" " ind2=" "><marc:subfield code="a">34848078</marc:subfield></marc:datafield><marc:datafield tag="040" ind1=" " ind2=" "><marc:subfield code="a">NDK</marc:subfield><marc:subfield code="c">NDK</marc:subfield><marc:subfield code="d">OCLCQ</marc:subfield><marc:subfield code="d">OCLCG</marc:subfield><marc:subfield code="d">NDD</marc:subfield></marc:datafield><marc:datafield tag="049" ind1=" " ind2=" "><marc:subfield code="a">NDDP</marc:subfield></marc:datafield><marc:datafield tag="100" ind1="1" ind2=" "><marc:subfield code="a">Bull, William T.</marc:subfield><marc:subfield code="q">(William Tillinghast),</marc:subfield><marc:subfield code="d">1849-1909.</marc:subfield></marc:datafield><marc:datafield tag="245" ind1="1" ind2="0"><marc:subfield code="a">William Tillinghast Bull letter,</marc:subfield><marc:subfield code="f">1893, May 3,</marc:subfield><marc:subfield code="b">New York City, to Mrs. Ogden Doremus.</marc:subfield></marc:datafield><marc:datafield tag="300" ind1=" " ind2=" "><marc:subfield code="a">1</marc:subfield><marc:subfield code="f">item.</marc:subfield></marc:datafield><marc:datafield tag="500" ind1=" " ind2=" "><marc:subfield code="a">Forms part of the History of Medicine Trent Manuscripts Collection.</marc:subfield></marc:datafield><marc:datafield tag="545" ind1=" " ind2=" "><marc:subfield code="a">Surgeon, of New York City.</marc:subfield></marc:datafield><marc:datafield tag="520" ind1="8" ind2=" "><marc:subfield code="a">Letter (ALS). Thanks Mrs. Doremus for the kindness and sympathy shown to him and Mrs. Bull. Written on stationary from New York City's Plaza Hotel.</marc:subfield></marc:datafield><marc:datafield tag="541" ind1=" " ind2=" "><marc:subfield code="a">Source unknown.</marc:subfield></marc:datafield><marc:datafield tag="600" ind1="1" ind2="0"><marc:subfield code="a">Bull, William T.</marc:subfield><marc:subfield code="q">(William Tillinghast),</marc:subfield><marc:subfield code="d">1849-1909.</marc:subfield></marc:datafield><marc:datafield tag="710" ind1="2" ind2=" "><marc:subfield code="a">History of Medicine Collections (Duke University)</marc:subfield></marc:datafield></marc:record>