
<marc:record><marc:leader>01148cpc a2200217Ia 4500</marc:leader>
<marc:controlfield tag="001">002156026</marc:controlfield>
<marc:controlfield tag="005">20120112125713.0</marc:controlfield><marc:controlfield tag="008">941101i17731801stk                 eng d</marc:controlfield><marc:datafield tag="035" ind1=" " ind2=" "><marc:subfield code="a">31389272</marc:subfield></marc:datafield><marc:datafield tag="040" ind1=" " ind2=" "><marc:subfield code="a">NDK</marc:subfield><marc:subfield code="c">NDK</marc:subfield><marc:subfield code="d">OCLCG</marc:subfield><marc:subfield code="d">NDD</marc:subfield></marc:datafield><marc:datafield tag="049" ind1=" " ind2=" "><marc:subfield code="a">NDDP</marc:subfield></marc:datafield><marc:datafield tag="100" ind1="1" ind2=" "><marc:subfield code="a">Buchan, William,</marc:subfield><marc:subfield code="d">1729-1805.</marc:subfield></marc:datafield><marc:datafield tag="245" ind1="1" ind2="0"><marc:subfield code="a">William Buchan papers,</marc:subfield><marc:subfield code="f">1773-1801,</marc:subfield><marc:subfield code="b">[Edinburgh].</marc:subfield></marc:datafield><marc:datafield tag="300" ind1=" " ind2=" "><marc:subfield code="a">6</marc:subfield><marc:subfield code="f">items.</marc:subfield></marc:datafield><marc:datafield tag="500" ind1=" " ind2=" "><marc:subfield code="a">Forms part of the History of Medicine Trent Manuscripts Collection.</marc:subfield></marc:datafield><marc:datafield tag="545" ind1=" " ind2=" "><marc:subfield code="a">Scottish physician.</marc:subfield></marc:datafield><marc:datafield tag="520" ind1="8" ind2=" "><marc:subfield code="a">Letters (ALS), including instructions for the third edition of Buchan's &quot;Domestic Medicine&quot;. In the same letter he also relates anecdotes of incidents in which people made use of the book's medical advice. A letter to Cadell and Davies (booksellers and publishers) concerns his Medical advice to mothers and his Treatise on venereal disease. This letter was removed from the Thomas Cadell collection. A holograph note, in an anonymous hand, provides biographical information.</marc:subfield></marc:datafield><marc:datafield tag="541" ind1=" " ind2=" "><marc:subfield code="a">Source unknown.</marc:subfield></marc:datafield><marc:datafield tag="600" ind1="1" ind2="0"><marc:subfield code="a">Buchan, William,</marc:subfield><marc:subfield code="d">1729-1805.</marc:subfield></marc:datafield><marc:datafield tag="700" ind1="1" ind2="2"><marc:subfield code="a">Cadell, Thomas,</marc:subfield><marc:subfield code="d">1773-1836.</marc:subfield></marc:datafield><marc:datafield tag="710" ind1="2" ind2=" "><marc:subfield code="a">History of Medicine Collections (Duke University)</marc:subfield></marc:datafield></marc:record>