
<marc:record><marc:leader>00938cpcaa2200217Ia 4500</marc:leader>
<marc:controlfield tag="001">002119537</marc:controlfield>
<marc:controlfield tag="005">20131112094229.0</marc:controlfield><marc:controlfield tag="008">960603i18191821mau                 eng d</marc:controlfield><marc:datafield tag="035" ind1=" " ind2=" "><marc:subfield code="a">34848020</marc:subfield></marc:datafield><marc:datafield tag="040" ind1=" " ind2=" "><marc:subfield code="a">NDK</marc:subfield><marc:subfield code="c">NDK</marc:subfield><marc:subfield code="d">OCLCG</marc:subfield><marc:subfield code="d">NDD</marc:subfield></marc:datafield><marc:datafield tag="049" ind1=" " ind2=" "><marc:subfield code="a">NDDP</marc:subfield></marc:datafield><marc:datafield tag="100" ind1="1" ind2=" "><marc:subfield code="a">Brooks, John,</marc:subfield><marc:subfield code="d">1752-1825.</marc:subfield></marc:datafield><marc:datafield tag="245" ind1="1" ind2="0"><marc:subfield code="a">John Brooks documents,</marc:subfield><marc:subfield code="f">1819-1821,</marc:subfield><marc:subfield code="b">Massachusetts.</marc:subfield></marc:datafield><marc:datafield tag="300" ind1=" " ind2=" "><marc:subfield code="a">2</marc:subfield><marc:subfield code="f">items.</marc:subfield></marc:datafield><marc:datafield tag="500" ind1=" " ind2=" "><marc:subfield code="a">Forms part of the History of Medicine Trent Manuscripts Collection.</marc:subfield></marc:datafield><marc:datafield tag="545" ind1=" " ind2=" "><marc:subfield code="a">Physician and Governor of Massachusetts, 1816-1823.</marc:subfield></marc:datafield><marc:datafield tag="520" ind1="8" ind2=" "><marc:subfield code="a">Two documents, signed, appointing Henry Adams as Coroner of Norfolk County and John Rollins as Division Inspector of the Second Division of the Militia. Both documents are also signed by Alden Bradford, as Secretary of the Commonwealth.</marc:subfield></marc:datafield><marc:datafield tag="541" ind1=" " ind2=" "><marc:subfield code="a">Source unknown.</marc:subfield></marc:datafield><marc:datafield tag="600" ind1="1" ind2="0"><marc:subfield code="a">Brooks, John,</marc:subfield><marc:subfield code="d">1752-1825.</marc:subfield></marc:datafield><marc:datafield tag="700" ind1="1" ind2="2"><marc:subfield code="a">Bradford, Alden,</marc:subfield><marc:subfield code="d">1765-1843.</marc:subfield></marc:datafield><marc:datafield tag="710" ind1="2" ind2=" "><marc:subfield code="a">History of Medicine Collections (Duke University)</marc:subfield></marc:datafield></marc:record>