
<marc:record><marc:leader>00958ctmaa2200217Ia 4500</marc:leader>
<marc:controlfield tag="001">002119534</marc:controlfield>
<marc:controlfield tag="005">20120106163128.0</marc:controlfield><marc:controlfield tag="008">960603s1900    enk           000 0 eng d</marc:controlfield><marc:datafield tag="035" ind1=" " ind2=" "><marc:subfield code="a">34847971</marc:subfield></marc:datafield><marc:datafield tag="040" ind1=" " ind2=" "><marc:subfield code="a">NDK</marc:subfield><marc:subfield code="c">NDK</marc:subfield><marc:subfield code="d">OCLCQ</marc:subfield><marc:subfield code="d">OCLCG</marc:subfield><marc:subfield code="d">NDD</marc:subfield></marc:datafield><marc:datafield tag="049" ind1=" " ind2=" "><marc:subfield code="a">NDDP</marc:subfield></marc:datafield><marc:datafield tag="100" ind1="1" ind2=" "><marc:subfield code="a">Broadbent, W. H.</marc:subfield><marc:subfield code="q">(William Henry),</marc:subfield><marc:subfield code="c">Sir,</marc:subfield><marc:subfield code="d">1835-1907.</marc:subfield></marc:datafield><marc:datafield tag="245" ind1="1" ind2="0"><marc:subfield code="a">William Henry Broadbent note,</marc:subfield><marc:subfield code="f">1900, Sep.,</marc:subfield><marc:subfield code="b">[London].</marc:subfield></marc:datafield><marc:datafield tag="300" ind1=" " ind2=" "><marc:subfield code="a">1</marc:subfield><marc:subfield code="f">item.</marc:subfield></marc:datafield><marc:datafield tag="500" ind1=" " ind2=" "><marc:subfield code="a">Forms part of the History of Medicine Trent Manuscripts Collection.</marc:subfield></marc:datafield><marc:datafield tag="545" ind1=" " ind2=" "><marc:subfield code="a">English physician.</marc:subfield></marc:datafield><marc:datafield tag="520" ind1="8" ind2=" "><marc:subfield code="a">Holograph inscription, signed. Broadbent's compliments to Dr. H. Barton Jacobs, on the fly-leaf of a copy of the third edition of Broadbent's book on heart disease, presented to Jacobs. Attached is a note in Jacobs' hand.</marc:subfield></marc:datafield><marc:datafield tag="541" ind1=" " ind2=" "><marc:subfield code="a">Source unknown.</marc:subfield></marc:datafield><marc:datafield tag="600" ind1="1" ind2="0"><marc:subfield code="a">Broadbent, W. H.</marc:subfield><marc:subfield code="q">(William Henry),</marc:subfield><marc:subfield code="c">Sir,</marc:subfield><marc:subfield code="d">1835-1907.</marc:subfield></marc:datafield><marc:datafield tag="700" ind1="1" ind2=" "><marc:subfield code="a">Jacobs, Henry Barton,</marc:subfield><marc:subfield code="d">1858-1939.</marc:subfield></marc:datafield><marc:datafield tag="710" ind1="2" ind2=" "><marc:subfield code="a">History of Medicine Collections (Duke University)</marc:subfield></marc:datafield></marc:record>