
<marc:record><marc:leader>00984ctmaa2200217Ia 4500</marc:leader>
<marc:controlfield tag="001">002119526</marc:controlfield>
<marc:controlfield tag="005">20120106162758.0</marc:controlfield><marc:controlfield tag="008">960603s1882    mau           000 0 eng d</marc:controlfield><marc:datafield tag="035" ind1=" " ind2=" "><marc:subfield code="a">34847926</marc:subfield></marc:datafield><marc:datafield tag="040" ind1=" " ind2=" "><marc:subfield code="a">NDK</marc:subfield><marc:subfield code="c">NDK</marc:subfield><marc:subfield code="d">OCLCQ</marc:subfield><marc:subfield code="d">OCLCG</marc:subfield><marc:subfield code="d">NDD</marc:subfield></marc:datafield><marc:datafield tag="049" ind1=" " ind2=" "><marc:subfield code="a">NDDP</marc:subfield></marc:datafield><marc:datafield tag="100" ind1="1" ind2=" "><marc:subfield code="a">Bowditch, Henry I.</marc:subfield><marc:subfield code="q">(Henry Ingersoll),</marc:subfield><marc:subfield code="d">1808-1892.</marc:subfield></marc:datafield><marc:datafield tag="245" ind1="1" ind2="0"><marc:subfield code="a">Henry Ingersoll Bowditch letter,</marc:subfield><marc:subfield code="f">1882, Apr. 7,</marc:subfield><marc:subfield code="b">Boston, to Dr. S. McMurtry.</marc:subfield></marc:datafield><marc:datafield tag="300" ind1=" " ind2=" "><marc:subfield code="a">1</marc:subfield><marc:subfield code="f">item.</marc:subfield></marc:datafield><marc:datafield tag="500" ind1=" " ind2=" "><marc:subfield code="a">Forms part of the History of Medicine Trent Manuscripts Collection.</marc:subfield></marc:datafield><marc:datafield tag="545" ind1=" " ind2=" "><marc:subfield code="a">U.S. specialist in diseases of the chest.</marc:subfield></marc:datafield><marc:datafield tag="520" ind1="8" ind2=" "><marc:subfield code="a">Letter (ALS) regarding a case of sudden death immediately following and apparently caused by aspiration of the chest witnessed by McMurtry at the Charity Hospital of New Orleans in 1873 or 1874.</marc:subfield></marc:datafield><marc:datafield tag="541" ind1=" " ind2=" "><marc:subfield code="a">Source unknown.</marc:subfield></marc:datafield><marc:datafield tag="600" ind1="1" ind2="0"><marc:subfield code="a">Bowditch, Henry I.</marc:subfield><marc:subfield code="q">(Henry Ingersoll),</marc:subfield><marc:subfield code="d">1808-1892.</marc:subfield></marc:datafield><marc:datafield tag="700" ind1="1" ind2=" "><marc:subfield code="a">McMurtry, L. S.</marc:subfield><marc:subfield code="q">(Lewis Samuel),</marc:subfield><marc:subfield code="d">1850-1924.</marc:subfield></marc:datafield><marc:datafield tag="710" ind1="2" ind2=" "><marc:subfield code="a">History of Medicine Collections (Duke University)</marc:subfield></marc:datafield></marc:record>