
<marc:record><marc:leader>00992cpcaa2200205Ia 4500</marc:leader>
<marc:controlfield tag="001">002119519</marc:controlfield>
<marc:controlfield tag="005">20130813113132.0</marc:controlfield><marc:controlfield tag="008">960603i18891899enk                 eng d</marc:controlfield><marc:datafield tag="035" ind1=" " ind2=" "><marc:subfield code="a">34847806</marc:subfield></marc:datafield><marc:datafield tag="040" ind1=" " ind2=" "><marc:subfield code="a">NDK</marc:subfield><marc:subfield code="c">NDK</marc:subfield><marc:subfield code="d">OCLCG</marc:subfield><marc:subfield code="d">NDD</marc:subfield></marc:datafield><marc:datafield tag="049" ind1=" " ind2=" "><marc:subfield code="a">NDDP</marc:subfield></marc:datafield><marc:datafield tag="100" ind1="1" ind2=" "><marc:subfield code="a">Bland-Sutton, John,</marc:subfield><marc:subfield code="c">Sir,</marc:subfield><marc:subfield code="d">1855-1936.</marc:subfield></marc:datafield><marc:datafield tag="245" ind1="1" ind2="0"><marc:subfield code="a">Sir John Bland-Sutton papers,</marc:subfield><marc:subfield code="f">1889-1899,</marc:subfield><marc:subfield code="b">[London].</marc:subfield></marc:datafield><marc:datafield tag="300" ind1=" " ind2=" "><marc:subfield code="a">46</marc:subfield><marc:subfield code="f">items.</marc:subfield></marc:datafield><marc:datafield tag="500" ind1=" " ind2=" "><marc:subfield code="a">Forms part of the History of Medicine Trent Manuscripts Collection.</marc:subfield></marc:datafield><marc:datafield tag="545" ind1=" " ind2=" "><marc:subfield code="a">English surgeon and gynecologist.</marc:subfield></marc:datafield><marc:datafield tag="520" ind1="8" ind2=" "><marc:subfield code="a">Most of the material relates to the leasing of property by Bland-Sutton, in particular correspondence with his solicitor, Edward John Quintas Maggs, regarding a case against Bland-Sutton, brought by a Mrs. Heath, regarding a sublet property. Other material relates to the alteration of his surname from Sutton to Bland-Sutton.</marc:subfield></marc:datafield><marc:datafield tag="541" ind1=" " ind2=" "><marc:subfield code="a">Source unknown.</marc:subfield></marc:datafield><marc:datafield tag="600" ind1="1" ind2="0"><marc:subfield code="a">Bland-Sutton, John,</marc:subfield><marc:subfield code="c">Sir,</marc:subfield><marc:subfield code="d">1855-1936.</marc:subfield></marc:datafield><marc:datafield tag="710" ind1="2" ind2=" "><marc:subfield code="a">History of Medicine Collections (Duke University)</marc:subfield></marc:datafield></marc:record>