
<marc:record><marc:leader>00790cpc a2200205Ka 4500</marc:leader>
<marc:controlfield tag="001">001605134</marc:controlfield>
<marc:controlfield tag="005">20111216152947.0</marc:controlfield><marc:controlfield tag="008">941028i18731873gw                  ger d</marc:controlfield><marc:datafield tag="035" ind1=" " ind2=" "><marc:subfield code="a">31372130</marc:subfield></marc:datafield><marc:datafield tag="040" ind1=" " ind2=" "><marc:subfield code="a">NDK</marc:subfield><marc:subfield code="c">NDK</marc:subfield><marc:subfield code="d">OCLCG</marc:subfield><marc:subfield code="d">NDD</marc:subfield></marc:datafield><marc:datafield tag="049" ind1=" " ind2=" "><marc:subfield code="a">NDDP</marc:subfield></marc:datafield><marc:datafield tag="100" ind1="1" ind2=" "><marc:subfield code="a">Bischoff, Th. Ludw. Wilh.</marc:subfield><marc:subfield code="q">(Theodor Ludwig Wilhelm),</marc:subfield><marc:subfield code="d">1807-1882.</marc:subfield></marc:datafield><marc:datafield tag="245" ind1="1" ind2="0"><marc:subfield code="a">Theodor Ludwig Wilhelm Bischoff papers,</marc:subfield><marc:subfield code="f">1873, May 12,</marc:subfield><marc:subfield code="b">Munich.</marc:subfield></marc:datafield><marc:datafield tag="300" ind1=" " ind2=" "><marc:subfield code="a">3</marc:subfield><marc:subfield code="f">items.</marc:subfield></marc:datafield><marc:datafield tag="500" ind1=" " ind2=" "><marc:subfield code="a">Forms part of the History of Medicine Trent Manuscripts Collection.</marc:subfield></marc:datafield><marc:datafield tag="545" ind1=" " ind2=" "><marc:subfield code="a">German comparative anatomist and physiologist.</marc:subfield></marc:datafield><marc:datafield tag="520" ind1="8" ind2=" "><marc:subfield code="a">Photograph, letter (ALS), and signature sample.</marc:subfield></marc:datafield><marc:datafield tag="541" ind1=" " ind2=" "><marc:subfield code="a">Source unknown.</marc:subfield></marc:datafield><marc:datafield tag="600" ind1="1" ind2="0"><marc:subfield code="a">Bischoff, Th. Ludw. Wilh.</marc:subfield><marc:subfield code="q">(Theodor Ludwig Wilhelm),</marc:subfield><marc:subfield code="d">1807-1882.</marc:subfield></marc:datafield><marc:datafield tag="710" ind1="2" ind2=" "><marc:subfield code="a">History of Medicine Collections (Duke University)</marc:subfield></marc:datafield></marc:record>