
<marc:record><marc:leader>00895cpc a2200205Ia 4500</marc:leader>
<marc:controlfield tag="001">002130234</marc:controlfield>
<marc:controlfield tag="005">20111216150740.0</marc:controlfield><marc:controlfield tag="008">960626i18971897nyu                 eng d</marc:controlfield><marc:datafield tag="035" ind1=" " ind2=" "><marc:subfield code="a">34992422</marc:subfield></marc:datafield><marc:datafield tag="040" ind1=" " ind2=" "><marc:subfield code="a">NDK</marc:subfield><marc:subfield code="c">NDK</marc:subfield><marc:subfield code="d">OCL</marc:subfield><marc:subfield code="d">OCLCG</marc:subfield><marc:subfield code="d">NDD</marc:subfield></marc:datafield><marc:datafield tag="049" ind1=" " ind2=" "><marc:subfield code="a">NDDP</marc:subfield></marc:datafield><marc:datafield tag="100" ind1="1" ind2=" "><marc:subfield code="a">Billings, John S.</marc:subfield><marc:subfield code="q">(John Shaw),</marc:subfield><marc:subfield code="d">1838-1913.</marc:subfield></marc:datafield><marc:datafield tag="245" ind1="1" ind2="0"><marc:subfield code="a">John Shaw Billings papers,</marc:subfield><marc:subfield code="f">1891, Apr. 13 and May 13,</marc:subfield><marc:subfield code="b">New York City, to W.R. Benjamin.</marc:subfield></marc:datafield><marc:datafield tag="300" ind1=" " ind2=" "><marc:subfield code="a">2</marc:subfield><marc:subfield code="f">items.</marc:subfield></marc:datafield><marc:datafield tag="500" ind1=" " ind2=" "><marc:subfield code="a">Forms part of the History of Medicine Trent Manuscripts Collection.</marc:subfield></marc:datafield><marc:datafield tag="545" ind1=" " ind2=" "><marc:subfield code="a">U. S. Army surgeon and founder of the Army Medical Library.</marc:subfield></marc:datafield><marc:datafield tag="520" ind1="8" ind2=" "><marc:subfield code="a">2 letters (TLS). Billings, as Director of the New York Public Library, makes bids for some documents and manuscripts offered by Benjamin to the Library.</marc:subfield></marc:datafield><marc:datafield tag="541" ind1=" " ind2=" "><marc:subfield code="a">Source unknown.</marc:subfield></marc:datafield><marc:datafield tag="600" ind1="1" ind2="0"><marc:subfield code="a">Billings, John S.</marc:subfield><marc:subfield code="q">(John Shaw),</marc:subfield><marc:subfield code="d">1838-1913.</marc:subfield></marc:datafield><marc:datafield tag="710" ind1="2" ind2=" "><marc:subfield code="a">History of Medicine Collections (Duke University)</marc:subfield></marc:datafield></marc:record>