
<marc:record><marc:leader>01166cpc a2200253Ia 4500</marc:leader>
<marc:controlfield tag="001">002130233</marc:controlfield>
<marc:controlfield tag="005">20120106162235.0</marc:controlfield><marc:controlfield tag="008">960626i18171840vp                  eng d</marc:controlfield><marc:datafield tag="035" ind1=" " ind2=" "><marc:subfield code="a">34992389</marc:subfield></marc:datafield><marc:datafield tag="040" ind1=" " ind2=" "><marc:subfield code="a">NDK</marc:subfield><marc:subfield code="c">NDK</marc:subfield><marc:subfield code="d">OCLCG</marc:subfield><marc:subfield code="d">NDD</marc:subfield></marc:datafield><marc:datafield tag="049" ind1=" " ind2=" "><marc:subfield code="a">NDDP</marc:subfield></marc:datafield><marc:datafield tag="100" ind1="1" ind2=" "><marc:subfield code="a">Biddle, Nicholas,</marc:subfield><marc:subfield code="d">1786-1844.</marc:subfield></marc:datafield><marc:datafield tag="245" ind1="1" ind2="0"><marc:subfield code="a">Nicholas Biddle letters,</marc:subfield><marc:subfield code="f">1817-1840, and undated.</marc:subfield></marc:datafield><marc:datafield tag="300" ind1=" " ind2=" "><marc:subfield code="a">5</marc:subfield><marc:subfield code="f">items.</marc:subfield></marc:datafield><marc:datafield tag="500" ind1=" " ind2=" "><marc:subfield code="a">Forms part of the History of Medicine Trent Manuscripts Collection.</marc:subfield></marc:datafield><marc:datafield tag="545" ind1=" " ind2=" "><marc:subfield code="a">Writer, politician and financier, of Pennsylvania.</marc:subfield></marc:datafield><marc:datafield tag="520" ind1="8" ind2=" "><marc:subfield code="a">4 letters (ALS). Correspondence from Caspar Wistar, Robert Hare and Nathaniel Chapman. Wistar writes regarding quarantine regulations, that, on the one hand, they should prevent the introduction of contagious diseases and, on the other, should not be &quot;burdensome to commerce&quot;. Includes transcription of Wistar letter.</marc:subfield></marc:datafield><marc:datafield tag="541" ind1=" " ind2=" "><marc:subfield code="a">Source unknown.</marc:subfield></marc:datafield><marc:datafield tag="600" ind1="1" ind2="0"><marc:subfield code="a">Biddle, Nicholas,</marc:subfield><marc:subfield code="d">1786-1844.</marc:subfield></marc:datafield><marc:datafield tag="650" ind1=" " ind2="2"><marc:subfield code="a">Quarantine</marc:subfield><marc:subfield code="x">history</marc:subfield><marc:subfield code="z">United States.</marc:subfield></marc:datafield><marc:datafield tag="700" ind1="1" ind2=" "><marc:subfield code="a">Wistar, Caspar,</marc:subfield><marc:subfield code="d">1761-1818.</marc:subfield></marc:datafield><marc:datafield tag="700" ind1="1" ind2=" "><marc:subfield code="a">Hare, Robert,</marc:subfield><marc:subfield code="d">1781-1858.</marc:subfield></marc:datafield><marc:datafield tag="700" ind1="1" ind2=" "><marc:subfield code="a">Chapman, Nathaniel,</marc:subfield><marc:subfield code="d">1780-1853.</marc:subfield></marc:datafield><marc:datafield tag="710" ind1="2" ind2=" "><marc:subfield code="a">History of Medicine Collections (Duke University)</marc:subfield></marc:datafield></marc:record>