
<marc:record><marc:leader>01251cpcaa2200265Ia 4500</marc:leader>
<marc:controlfield tag="001">002119507</marc:controlfield>
<marc:controlfield tag="005">20120112113539.0</marc:controlfield><marc:controlfield tag="008">960603i18531907vp                  dan d</marc:controlfield><marc:datafield tag="035" ind1=" " ind2=" "><marc:subfield code="a">34845710</marc:subfield></marc:datafield><marc:datafield tag="040" ind1=" " ind2=" "><marc:subfield code="a">NDK</marc:subfield><marc:subfield code="c">NDK</marc:subfield><marc:subfield code="d">OCLCG</marc:subfield><marc:subfield code="d">NDD</marc:subfield></marc:datafield><marc:datafield tag="049" ind1=" " ind2=" "><marc:subfield code="a">NDDP</marc:subfield></marc:datafield><marc:datafield tag="100" ind1="1" ind2=" "><marc:subfield code="a">Bergh, Rudolph,</marc:subfield><marc:subfield code="d">1824-1909.</marc:subfield></marc:datafield><marc:datafield tag="245" ind1="1" ind2="0"><marc:subfield code="a">Rudolph Bergh papers,</marc:subfield><marc:subfield code="f">1853-1907.</marc:subfield></marc:datafield><marc:datafield tag="300" ind1=" " ind2=" "><marc:subfield code="a">110</marc:subfield><marc:subfield code="f">items.</marc:subfield></marc:datafield><marc:datafield tag="500" ind1=" " ind2=" "><marc:subfield code="a">Forms part of the History of Medicine Trent Manuscripts Collection.</marc:subfield></marc:datafield><marc:datafield tag="545" ind1=" " ind2=" "><marc:subfield code="a">Danish venereologist, dermatologist and comparative anatomist.</marc:subfield></marc:datafield><marc:datafield tag="520" ind1="8" ind2=" "><marc:subfield code="a">Correspondence, certificates and manuscript notes, in Danish, French and German. Correspondents include Herman Lynge, F. Didrichsen, and Franz Leydig. Bergh received an appointment as correspondent member to the French Academy of Sciences in 1895 from M. P. E. Berthelot. Most of the material relates to his study of Nudibranchiata, a sub-order of marine gastropod mollusks.</marc:subfield></marc:datafield><marc:datafield tag="541" ind1=" " ind2=" "><marc:subfield code="a">Source unknown.</marc:subfield></marc:datafield><marc:datafield tag="600" ind1="1" ind2="0"><marc:subfield code="a">Bergh, Rudolph,</marc:subfield><marc:subfield code="d">1824-1909.</marc:subfield></marc:datafield><marc:datafield tag="650" ind1=" " ind2="2"><marc:subfield code="a">Mollusca.</marc:subfield></marc:datafield><marc:datafield tag="700" ind1="1" ind2="2"><marc:subfield code="a">Lynge, Herman,</marc:subfield><marc:subfield code="d">1862-</marc:subfield></marc:datafield><marc:datafield tag="700" ind1="1" ind2="2"><marc:subfield code="a">Didrichsen, F.</marc:subfield><marc:subfield code="q">(Ferdinand),</marc:subfield><marc:subfield code="d">1814-1887.</marc:subfield></marc:datafield><marc:datafield tag="700" ind1="1" ind2="2"><marc:subfield code="a">Leydig, Franz,</marc:subfield><marc:subfield code="d">1821-1908.</marc:subfield></marc:datafield><marc:datafield tag="700" ind1="1" ind2="2"><marc:subfield code="a">Berthelot, M.</marc:subfield><marc:subfield code="q">(Marcellin),</marc:subfield><marc:subfield code="d">1827-1907.</marc:subfield></marc:datafield><marc:datafield tag="710" ind1="2" ind2=" "><marc:subfield code="a">History of Medicine Collections (Duke University)</marc:subfield></marc:datafield></marc:record>