
<marc:record><marc:leader>01048cpcaa2200205Ia 4500</marc:leader>
<marc:controlfield tag="001">002118701</marc:controlfield>
<marc:controlfield tag="005">20120106161716.0</marc:controlfield><marc:controlfield tag="008">960531i18551869gw                  ger d</marc:controlfield><marc:datafield tag="035" ind1=" " ind2=" "><marc:subfield code="a">34838630</marc:subfield></marc:datafield><marc:datafield tag="040" ind1=" " ind2=" "><marc:subfield code="a">NDK</marc:subfield><marc:subfield code="c">NDK</marc:subfield><marc:subfield code="d">NDD</marc:subfield></marc:datafield><marc:datafield tag="049" ind1=" " ind2=" "><marc:subfield code="a">NDDP</marc:subfield></marc:datafield><marc:datafield tag="100" ind1="1" ind2=" "><marc:subfield code="a">Behn, Wilhelm Friedrich Georg,</marc:subfield><marc:subfield code="d">1808-1878.</marc:subfield></marc:datafield><marc:datafield tag="245" ind1="1" ind2="0"><marc:subfield code="a">Wilhelm Friedrich Georg Behn letters,</marc:subfield><marc:subfield code="f">1855-1869,</marc:subfield><marc:subfield code="b">to Dr. Didrichsen, Copenhagen, Denmark.</marc:subfield></marc:datafield><marc:datafield tag="300" ind1=" " ind2=" "><marc:subfield code="a">6</marc:subfield><marc:subfield code="f">items.</marc:subfield></marc:datafield><marc:datafield tag="500" ind1=" " ind2=" "><marc:subfield code="a">Forms part of the History of Medicine Trent Manuscripts Collection.</marc:subfield></marc:datafield><marc:datafield tag="545" ind1=" " ind2=" "><marc:subfield code="a">German professor of anatomy and zoology, Kiel.</marc:subfield></marc:datafield><marc:datafield tag="520" ind1="8" ind2=" "><marc:subfield code="a">6 letters (ALS). Writes to direct the handling of botanical and zoological specimens collected during a scientific expedition to India and America, made by Behn and Danish scientists on the warship &quot;Galathea&quot;. Two letters give an account of the controversy connected to his appointment to the Leopold-Charles' Academy in Dresden.</marc:subfield></marc:datafield><marc:datafield tag="541" ind1=" " ind2=" "><marc:subfield code="a">Source unknown.</marc:subfield></marc:datafield><marc:datafield tag="600" ind1="1" ind2="0"><marc:subfield code="a">Behn, Wilhelm Friedrich Georg,</marc:subfield><marc:subfield code="d">1808-1878.</marc:subfield></marc:datafield><marc:datafield tag="710" ind1="2" ind2=" "><marc:subfield code="a">History of Medicine Collections (Duke University)</marc:subfield></marc:datafield></marc:record>