
<marc:record><marc:leader>00843ctm a2200205Ia 4500</marc:leader>
<marc:controlfield tag="001">002132150</marc:controlfield>
<marc:controlfield tag="005">20120106161634.0</marc:controlfield><marc:controlfield tag="008">960628q18241826nyu           000 0 eng d</marc:controlfield><marc:datafield tag="035" ind1=" " ind2=" "><marc:subfield code="a">35005315</marc:subfield></marc:datafield><marc:datafield tag="040" ind1=" " ind2=" "><marc:subfield code="a">NDK</marc:subfield><marc:subfield code="c">NDK</marc:subfield><marc:subfield code="d">OCLCQ</marc:subfield><marc:subfield code="d">OCLCG</marc:subfield><marc:subfield code="d">NDD</marc:subfield></marc:datafield><marc:datafield tag="049" ind1=" " ind2=" "><marc:subfield code="a">NDDP</marc:subfield></marc:datafield><marc:datafield tag="100" ind1="1" ind2=" "><marc:subfield code="a">Beck, Lewis C.</marc:subfield><marc:subfield code="q">(Lewis Caleb),</marc:subfield><marc:subfield code="d">1798-1853.</marc:subfield></marc:datafield><marc:datafield tag="245" ind1="1" ind2="0"><marc:subfield code="a">Lewis Caleb Beck letter,</marc:subfield><marc:subfield code="f">[between 1824 and 1826] , Jun. 20,</marc:subfield><marc:subfield code="b">Rensselaer School, Troy, New York.</marc:subfield></marc:datafield><marc:datafield tag="300" ind1=" " ind2=" "><marc:subfield code="a">1</marc:subfield><marc:subfield code="f">item.</marc:subfield></marc:datafield><marc:datafield tag="500" ind1=" " ind2=" "><marc:subfield code="a">Forms part of the History of Medicine Trent Manuscripts Collection.</marc:subfield></marc:datafield><marc:datafield tag="545" ind1=" " ind2=" "><marc:subfield code="a">Physician, botanist and chemist, of New York state.</marc:subfield></marc:datafield><marc:datafield tag="520" ind1="8" ind2=" "><marc:subfield code="a">Letter (ALS) explaining that he is unable to remain in Troy until July 2nd due to other engagements.</marc:subfield></marc:datafield><marc:datafield tag="541" ind1=" " ind2=" "><marc:subfield code="a">Source unknown.</marc:subfield></marc:datafield><marc:datafield tag="600" ind1="1" ind2="0"><marc:subfield code="a">Beck, Lewis C.</marc:subfield><marc:subfield code="q">(Lewis Caleb),</marc:subfield><marc:subfield code="d">1798-1853.</marc:subfield></marc:datafield><marc:datafield tag="710" ind1="2" ind2=" "><marc:subfield code="a">History of Medicine Collections (Duke University)</marc:subfield></marc:datafield></marc:record>