
<marc:record><marc:leader>01756cpcaa2200349Ia 450 </marc:leader>
<marc:controlfield tag="001">002118699</marc:controlfield>
<marc:controlfield tag="005">20120106161601.0</marc:controlfield><marc:controlfield tag="008">960531i18191845pau                 eng d</marc:controlfield><marc:datafield tag="035" ind1=" " ind2=" "><marc:subfield code="a">34838589</marc:subfield></marc:datafield><marc:datafield tag="040" ind1=" " ind2=" "><marc:subfield code="a">NDK</marc:subfield><marc:subfield code="c">NDK</marc:subfield><marc:subfield code="d">OCLCQ</marc:subfield><marc:subfield code="d">NDD</marc:subfield></marc:datafield><marc:datafield tag="049" ind1=" " ind2=" "><marc:subfield code="a">NDDP</marc:subfield></marc:datafield><marc:datafield tag="100" ind1="1" ind2=" "><marc:subfield code="a">Beck, Charles Frederick,</marc:subfield><marc:subfield code="d">1806-</marc:subfield></marc:datafield><marc:datafield tag="245" ind1="1" ind2="0"><marc:subfield code="a">Charles Frederick Beck papers,</marc:subfield><marc:subfield code="f">1819-1845,</marc:subfield><marc:subfield code="b">Philadelphia.</marc:subfield></marc:datafield><marc:datafield tag="300" ind1=" " ind2=" "><marc:subfield code="a">6</marc:subfield><marc:subfield code="f">items.</marc:subfield></marc:datafield><marc:datafield tag="500" ind1=" " ind2=" "><marc:subfield code="a">Forms part of the History of Medicine Trent Manuscripts Collection.</marc:subfield></marc:datafield><marc:datafield tag="520" ind1="8" ind2=" "><marc:subfield code="a">A collection of diplomas and certificates from the University of Pennsylvania, the Medical Society of Philadelphia, the Academy of Natural Sciences of Philadelphia, and the American Philosophical Society of Philadelphia, bearing various signatures, including those of A.D. Bache, Franklin Bache, John K. Kane, Robley Dunglison, Philip Syng Physick, Joseph Parrish, Samuel Jackson, John Redman Coxe, Thomas C. James, Robert Hare, William Gibson, William E. Horner, and William Dewees.</marc:subfield></marc:datafield><marc:datafield tag="541" ind1=" " ind2=" "><marc:subfield code="a">Source unknown.</marc:subfield></marc:datafield><marc:datafield tag="600" ind1="1" ind2="0"><marc:subfield code="a">Beck, Charles Frederick,</marc:subfield><marc:subfield code="d">1806-</marc:subfield></marc:datafield><marc:datafield tag="600" ind1="1" ind2="2"><marc:subfield code="a">Bache, A. D.</marc:subfield><marc:subfield code="q">(Alexander Dallas),</marc:subfield><marc:subfield code="d">1806-1867.</marc:subfield></marc:datafield><marc:datafield tag="600" ind1="1" ind2="2"><marc:subfield code="a">Bache, Franklin,</marc:subfield><marc:subfield code="d">1792-1864.</marc:subfield></marc:datafield><marc:datafield tag="600" ind1="1" ind2="2"><marc:subfield code="a">Kane, John K.</marc:subfield><marc:subfield code="q">(John Kintzing),</marc:subfield><marc:subfield code="d">1795-1858.</marc:subfield></marc:datafield><marc:datafield tag="600" ind1="1" ind2="2"><marc:subfield code="a">Dunglison, Robley,</marc:subfield><marc:subfield code="d">1798-1869.</marc:subfield></marc:datafield><marc:datafield tag="600" ind1="1" ind2="2"><marc:subfield code="a">Physick, Philip Syng,</marc:subfield><marc:subfield code="d">1768-1837.</marc:subfield></marc:datafield><marc:datafield tag="600" ind1="1" ind2="2"><marc:subfield code="a">Parrish, Joseph,</marc:subfield><marc:subfield code="d">1779-1840.</marc:subfield></marc:datafield><marc:datafield tag="600" ind1="1" ind2="2"><marc:subfield code="a">Jackson, Samuel,</marc:subfield><marc:subfield code="d">1787-1872.</marc:subfield></marc:datafield><marc:datafield tag="600" ind1="1" ind2="2"><marc:subfield code="a">Coxe, John Redman,</marc:subfield><marc:subfield code="d">1773-1864.</marc:subfield></marc:datafield><marc:datafield tag="600" ind1="1" ind2="2"><marc:subfield code="a">James, Thomas C.</marc:subfield><marc:subfield code="q">(Thomas Chalkley),</marc:subfield><marc:subfield code="d">1766-1835.</marc:subfield></marc:datafield><marc:datafield tag="600" ind1="1" ind2="2"><marc:subfield code="a">Hare, Robert,</marc:subfield><marc:subfield code="d">1781-1858.</marc:subfield></marc:datafield><marc:datafield tag="600" ind1="1" ind2="2"><marc:subfield code="a">Gibson, William,</marc:subfield><marc:subfield code="d">1788-1868.</marc:subfield></marc:datafield><marc:datafield tag="600" ind1="1" ind2="2"><marc:subfield code="a">Horner, William E.</marc:subfield><marc:subfield code="q">(William Edmonds),</marc:subfield><marc:subfield code="d">1793-1853.</marc:subfield></marc:datafield><marc:datafield tag="600" ind1="1" ind2="2"><marc:subfield code="a">Dewees, William,</marc:subfield><marc:subfield code="d">1768-1841.</marc:subfield></marc:datafield><marc:datafield tag="710" ind1="2" ind2=" "><marc:subfield code="a">History of Medicine Collections (Duke University)</marc:subfield></marc:datafield></marc:record>