
<marc:record><marc:leader>01094ctmaa2200229Ia 4500</marc:leader>
<marc:controlfield tag="001">002118697</marc:controlfield>
<marc:controlfield tag="005">20120106161456.0</marc:controlfield><marc:controlfield tag="008">960531s1803    fr            000 0 fre d</marc:controlfield><marc:datafield tag="035" ind1=" " ind2=" "><marc:subfield code="a">34838550</marc:subfield></marc:datafield><marc:datafield tag="040" ind1=" " ind2=" "><marc:subfield code="a">NDK</marc:subfield><marc:subfield code="c">NDK</marc:subfield><marc:subfield code="d">OCLCQ</marc:subfield><marc:subfield code="d">OCLCG</marc:subfield><marc:subfield code="d">NDD</marc:subfield></marc:datafield><marc:datafield tag="049" ind1=" " ind2=" "><marc:subfield code="a">NDDP</marc:subfield></marc:datafield><marc:datafield tag="100" ind1="1" ind2=" "><marc:subfield code="a">Baumes, J. B. T.</marc:subfield><marc:subfield code="q">(Jean Baptiste Timothée),</marc:subfield><marc:subfield code="d">1756-1828.</marc:subfield></marc:datafield><marc:datafield tag="245" ind1="1" ind2="0"><marc:subfield code="a">Jean Baptiste Timothée Baumes letter,</marc:subfield><marc:subfield code="f">1803, Feb. 20,</marc:subfield><marc:subfield code="b">Montpellier, to M. Julia, Paris.</marc:subfield></marc:datafield><marc:datafield tag="300" ind1=" " ind2=" "><marc:subfield code="a">1</marc:subfield><marc:subfield code="f">item.</marc:subfield></marc:datafield><marc:datafield tag="500" ind1=" " ind2=" "><marc:subfield code="a">Forms part of the History of Medicine Trent Manuscripts Collection.</marc:subfield></marc:datafield><marc:datafield tag="545" ind1=" " ind2=" "><marc:subfield code="a">French physician and professor of medicine.</marc:subfield></marc:datafield><marc:datafield tag="520" ind1="8" ind2=" "><marc:subfield code="a">Letter (ALS) relates the activities of the Société de Médecine-pratique de Montpellier and solicits Julia's help in the commission of various errands. M. Bouillon-Lagrange is mentioned.</marc:subfield></marc:datafield><marc:datafield tag="541" ind1=" " ind2=" "><marc:subfield code="a">Source unknown.</marc:subfield></marc:datafield><marc:datafield tag="600" ind1="1" ind2="0"><marc:subfield code="a">Baumes, J. B. T.</marc:subfield><marc:subfield code="q">(Jean Baptiste Timothée),</marc:subfield><marc:subfield code="d">1756-1828.</marc:subfield></marc:datafield><marc:datafield tag="600" ind1="1" ind2="2"><marc:subfield code="a">Julia de Fontenelle,</marc:subfield><marc:subfield code="c">M.</marc:subfield><marc:subfield code="q">(Jean-Sébastien-Eugʻene),</marc:subfield><marc:subfield code="d">1790-1842.</marc:subfield></marc:datafield><marc:datafield tag="600" ind1="1" ind2="2"><marc:subfield code="a">Bouillon-Lagrange, Edme Jean Baptiste,</marc:subfield><marc:subfield code="d">1764-1844.</marc:subfield></marc:datafield><marc:datafield tag="710" ind1="2" ind2=" "><marc:subfield code="a">History of Medicine Collections (Duke University)</marc:subfield></marc:datafield></marc:record>