
<marc:record><marc:leader>00964ctmaa2200241Ia 4500</marc:leader>
<marc:controlfield tag="001">002118690</marc:controlfield>
<marc:controlfield tag="005">20120106161108.0</marc:controlfield><marc:controlfield tag="008">960531s1795    nyu           000 0 eng d</marc:controlfield><marc:datafield tag="035" ind1=" " ind2=" "><marc:subfield code="a">34838052</marc:subfield></marc:datafield><marc:datafield tag="040" ind1=" " ind2=" "><marc:subfield code="a">NDK</marc:subfield><marc:subfield code="c">NDK</marc:subfield><marc:subfield code="d">OCLCQ</marc:subfield><marc:subfield code="d">OCLCG</marc:subfield><marc:subfield code="d">NDD</marc:subfield></marc:datafield><marc:datafield tag="043" ind1=" " ind2=" "><marc:subfield code="a">n-us-ny</marc:subfield></marc:datafield><marc:datafield tag="049" ind1=" " ind2=" "><marc:subfield code="a">NDDP</marc:subfield></marc:datafield><marc:datafield tag="100" ind1="1" ind2=" "><marc:subfield code="a">Barney, John P.</marc:subfield></marc:datafield><marc:datafield tag="245" ind1="1" ind2="0"><marc:subfield code="a">John P. Barney letter,</marc:subfield><marc:subfield code="f">1795, Sep. 19,</marc:subfield><marc:subfield code="b">New York City, to Ebenezer Foote.</marc:subfield></marc:datafield><marc:datafield tag="300" ind1=" " ind2=" "><marc:subfield code="a">1</marc:subfield><marc:subfield code="f">item.</marc:subfield></marc:datafield><marc:datafield tag="500" ind1=" " ind2=" "><marc:subfield code="a">Forms part of the History of Medicine Trent Manuscripts Collection.</marc:subfield></marc:datafield><marc:datafield tag="520" ind1="8" ind2=" "><marc:subfield code="a">Holograph letter, unsigned. Relates how the yellow fever epidemic has affected neighbors and acquaintances. Reports that many conceal their illness for fear of being carried to and dying in Bellevue Hospital.</marc:subfield></marc:datafield><marc:datafield tag="541" ind1=" " ind2=" "><marc:subfield code="a">Source unknown.</marc:subfield></marc:datafield><marc:datafield tag="650" ind1=" " ind2="2"><marc:subfield code="a">Yellow Fever</marc:subfield><marc:subfield code="x">history</marc:subfield><marc:subfield code="z">New York City.</marc:subfield></marc:datafield><marc:datafield tag="600" ind1="1" ind2="0"><marc:subfield code="a">Barney, John P.</marc:subfield></marc:datafield><marc:datafield tag="610" ind1="2" ind2="2"><marc:subfield code="a">Bellevue Hospital.</marc:subfield></marc:datafield><marc:datafield tag="700" ind1="1" ind2=" "><marc:subfield code="a">Foote, Ebenezer,</marc:subfield><marc:subfield code="d">1756-1829.</marc:subfield></marc:datafield><marc:datafield tag="710" ind1="2" ind2=" "><marc:subfield code="a">History of Medicine Collections (Duke University)</marc:subfield></marc:datafield></marc:record>