
<marc:record><marc:leader>00787cpcaa2200205Ia 4500</marc:leader>
<marc:controlfield tag="001">002118686</marc:controlfield>
<marc:controlfield tag="005">20120106160817.0</marc:controlfield><marc:controlfield tag="008">960531q17uu1823enk                 eng d</marc:controlfield><marc:datafield tag="035" ind1=" " ind2=" "><marc:subfield code="a">34837320</marc:subfield></marc:datafield><marc:datafield tag="040" ind1=" " ind2=" "><marc:subfield code="a">NDK</marc:subfield><marc:subfield code="c">NDK</marc:subfield><marc:subfield code="d">OCLCG</marc:subfield><marc:subfield code="d">NDD</marc:subfield></marc:datafield><marc:datafield tag="049" ind1=" " ind2=" "><marc:subfield code="a">NDDP</marc:subfield></marc:datafield><marc:datafield tag="100" ind1="1" ind2=" "><marc:subfield code="a">Baillie, Matthew,</marc:subfield><marc:subfield code="d">1761-1823.</marc:subfield></marc:datafield><marc:datafield tag="245" ind1="1" ind2="0"><marc:subfield code="a">Matthew Baillie letters,</marc:subfield><marc:subfield code="f">1819-1820 and undated,</marc:subfield><marc:subfield code="b">[London].</marc:subfield></marc:datafield><marc:datafield tag="300" ind1=" " ind2=" "><marc:subfield code="a">5</marc:subfield><marc:subfield code="f">items.</marc:subfield></marc:datafield><marc:datafield tag="500" ind1=" " ind2=" "><marc:subfield code="a">Forms part of the History of Medicine Trent Manuscripts Collection.</marc:subfield></marc:datafield><marc:datafield tag="545" ind1=" " ind2=" "><marc:subfield code="a">Scottish physician and pathologist.</marc:subfield></marc:datafield><marc:datafield tag="520" ind1="8" ind2=" "><marc:subfield code="a">2 letters (ALS), 1 holograph note, and 2 clippings. Includes a prescription &quot;for Dewar Esqr.&quot; and a note to &quot;Richard Reeves Esq.&quot;</marc:subfield></marc:datafield><marc:datafield tag="541" ind1=" " ind2=" "><marc:subfield code="a">Source unknown.</marc:subfield></marc:datafield><marc:datafield tag="600" ind1="1" ind2="0"><marc:subfield code="a">Baillie, Matthew,</marc:subfield><marc:subfield code="d">1761-1823.</marc:subfield></marc:datafield><marc:datafield tag="710" ind1="2" ind2=" "><marc:subfield code="a">History of Medicine Collections (Duke University)</marc:subfield></marc:datafield></marc:record>