
<marc:record><marc:leader>00835ctm a2200205Ia 4500</marc:leader>
<marc:controlfield tag="001">002115116</marc:controlfield>
<marc:controlfield tag="005">20120106160045.0</marc:controlfield><marc:controlfield tag="008">960521s1904    enk           000 0 eng d</marc:controlfield><marc:datafield tag="035" ind1=" " ind2=" "><marc:subfield code="a">34767899</marc:subfield></marc:datafield><marc:datafield tag="040" ind1=" " ind2=" "><marc:subfield code="a">NDK</marc:subfield><marc:subfield code="c">NDK</marc:subfield><marc:subfield code="d">OCLCQ</marc:subfield><marc:subfield code="d">NDD</marc:subfield></marc:datafield><marc:datafield tag="049" ind1=" " ind2=" "><marc:subfield code="a">NDDP</marc:subfield></marc:datafield><marc:datafield tag="100" ind1="1" ind2=" "><marc:subfield code="a">Armour, Donald John,</marc:subfield><marc:subfield code="d">1864-1933.</marc:subfield></marc:datafield><marc:datafield tag="245" ind1="1" ind2="0"><marc:subfield code="a">Donald John Armour letter,</marc:subfield><marc:subfield code="f">1904, Jun. 10,</marc:subfield><marc:subfield code="b">[London], to &quot;My dear Teddy.&quot;</marc:subfield></marc:datafield><marc:datafield tag="300" ind1=" " ind2=" "><marc:subfield code="a">1</marc:subfield><marc:subfield code="f">item.</marc:subfield></marc:datafield><marc:datafield tag="500" ind1=" " ind2=" "><marc:subfield code="a">Forms part of the History of Medicine Trent Manuscripts Collection.</marc:subfield></marc:datafield><marc:datafield tag="545" ind1=" " ind2=" "><marc:subfield code="a">English surgeon.</marc:subfield></marc:datafield><marc:datafield tag="520" ind1="8" ind2=" "><marc:subfield code="a">Letter (ALS) acknowledges the receipt of a letter and check. Expresses gratification that he has been able to provide not only professional services, but also those of a friend.</marc:subfield></marc:datafield><marc:datafield tag="541" ind1=" " ind2=" "><marc:subfield code="a">Source unknown.</marc:subfield></marc:datafield><marc:datafield tag="600" ind1="1" ind2="0"><marc:subfield code="a">Armour, Donald John,</marc:subfield><marc:subfield code="d">1864-1933.</marc:subfield></marc:datafield><marc:datafield tag="710" ind1="2" ind2=" "><marc:subfield code="a">History of Medicine Collections (Duke University)</marc:subfield></marc:datafield></marc:record>