
<marc:record><marc:leader>00787cpm a2200193Ka 4500</marc:leader>
<marc:controlfield tag="001">001602677</marc:controlfield>
<marc:controlfield tag="005">20111129130116.0</marc:controlfield><marc:controlfield tag="008">941025s1972    xxu           000 0 eng d</marc:controlfield><marc:datafield tag="035" ind1=" " ind2=" "><marc:subfield code="a">31351405</marc:subfield></marc:datafield><marc:datafield tag="040" ind1=" " ind2=" "><marc:subfield code="a">NDK</marc:subfield><marc:subfield code="c">NDK</marc:subfield><marc:subfield code="d">OCLCQ</marc:subfield><marc:subfield code="d">OCLCG</marc:subfield><marc:subfield code="d">NDD</marc:subfield></marc:datafield><marc:datafield tag="049" ind1=" " ind2=" "><marc:subfield code="a">NDDP</marc:subfield></marc:datafield><marc:datafield tag="100" ind1="1" ind2=" "><marc:subfield code="a">Anfinsen, Christian B.</marc:subfield><marc:subfield code="q">(Christian Boehmer),</marc:subfield><marc:subfield code="d">1916-1995.</marc:subfield></marc:datafield><marc:datafield tag="245" ind1="1" ind2="0"><marc:subfield code="a">Christian Boehmer Anfinsen note,</marc:subfield><marc:subfield code="f">1972, Nov. 13.</marc:subfield></marc:datafield><marc:datafield tag="300" ind1=" " ind2=" "><marc:subfield code="a">1</marc:subfield><marc:subfield code="f">item.</marc:subfield></marc:datafield><marc:datafield tag="500" ind1=" " ind2=" "><marc:subfield code="a">Forms part of the History of Medicine Trent Manuscripts Collection.</marc:subfield></marc:datafield><marc:datafield tag="545" ind1=" " ind2=" "><marc:subfield code="a">U.S. biochemist; received 1972 Nobel Prize for Chemistry.</marc:subfield></marc:datafield><marc:datafield tag="520" ind1="8" ind2=" "><marc:subfield code="a">A note (ANS) witten on the letterhead of the Department of Health, Education, and Welfare.</marc:subfield></marc:datafield><marc:datafield tag="600" ind1="1" ind2="0"><marc:subfield code="a">Anfinsen, Christian B.</marc:subfield><marc:subfield code="q">(Christian Boehmer),</marc:subfield><marc:subfield code="d">1916-1995.</marc:subfield></marc:datafield><marc:datafield tag="710" ind1="2" ind2=" "><marc:subfield code="a">History of Medicine Collections (Duke University)</marc:subfield></marc:datafield></marc:record>