
<marc:record><marc:leader>00707cpm a2200169Ka 4500</marc:leader>
<marc:controlfield tag="001">001602676</marc:controlfield>
<marc:controlfield tag="005">20111129125716.0</marc:controlfield><marc:controlfield tag="008">941025s1808    sp            000 0 lat d</marc:controlfield><marc:datafield tag="035" ind1=" " ind2=" "><marc:subfield code="a">31351384</marc:subfield></marc:datafield><marc:datafield tag="040" ind1=" " ind2=" "><marc:subfield code="a">NDK</marc:subfield><marc:subfield code="c">NDK</marc:subfield><marc:subfield code="d">OCLCQ</marc:subfield><marc:subfield code="d">NDD</marc:subfield></marc:datafield><marc:datafield tag="049" ind1=" " ind2=" "><marc:subfield code="a">NDDP</marc:subfield></marc:datafield><marc:datafield tag="100" ind1="1" ind2=" "><marc:subfield code="a">Alard, Prosper.</marc:subfield></marc:datafield><marc:datafield tag="245" ind1="1" ind2="0"><marc:subfield code="a">Diploma,</marc:subfield><marc:subfield code="f">1808, June 30 :</marc:subfield><marc:subfield code="b">Madrid, Spain.</marc:subfield></marc:datafield><marc:datafield tag="300" ind1=" " ind2=" "><marc:subfield code="a">1</marc:subfield><marc:subfield code="f">item.</marc:subfield></marc:datafield><marc:datafield tag="500" ind1=" " ind2=" "><marc:subfield code="a">Forms part of the History of Medicine Trent Manuscripts Collection.</marc:subfield></marc:datafield><marc:datafield tag="520" ind1="8" ind2=" "><marc:subfield code="a">Diploma of membership in the society, &quot;Regia matritensis Academia&quot;. Bears seal of society and signatures of Ignatius Maria Ruiz, Joseph Mozinnus, Joseph Anthony à Capdeosta, Bañarès, and Salvadore X. Coronado.</marc:subfield></marc:datafield><marc:datafield tag="710" ind1="2" ind2=" "><marc:subfield code="a">History of Medicine Collections (Duke University)</marc:subfield></marc:datafield></marc:record>