
<marc:record><marc:leader>00871cpc a2200217Ia 4500</marc:leader>
<marc:controlfield tag="001">002115112</marc:controlfield>
<marc:controlfield tag="005">20111129125606.0</marc:controlfield><marc:controlfield tag="008">960521i18571880pau                 eng d</marc:controlfield><marc:datafield tag="035" ind1=" " ind2=" "><marc:subfield code="a">34766612</marc:subfield></marc:datafield><marc:datafield tag="040" ind1=" " ind2=" "><marc:subfield code="a">NDK</marc:subfield><marc:subfield code="c">NDK</marc:subfield><marc:subfield code="d">OCLCG</marc:subfield><marc:subfield code="d">NDD</marc:subfield></marc:datafield><marc:datafield tag="049" ind1=" " ind2=" "><marc:subfield code="a">NDDP</marc:subfield></marc:datafield><marc:datafield tag="100" ind1="1" ind2=" "><marc:subfield code="a">Agnew, D. Hayes</marc:subfield><marc:subfield code="q">(David Hayes),</marc:subfield><marc:subfield code="d">1818-1892.</marc:subfield></marc:datafield><marc:datafield tag="245" ind1="1" ind2="0"><marc:subfield code="a">David Hayes Agnew letters,</marc:subfield><marc:subfield code="f">1857-1880.</marc:subfield></marc:datafield><marc:datafield tag="300" ind1=" " ind2=" "><marc:subfield code="a">3</marc:subfield><marc:subfield code="f">items.</marc:subfield></marc:datafield><marc:datafield tag="500" ind1=" " ind2=" "><marc:subfield code="a">Forms part of the History of Medicine Trent Manuscripts Collection.</marc:subfield></marc:datafield><marc:datafield tag="545" ind1=" " ind2=" "><marc:subfield code="a">Surgeon and teacher of anatomy and surgery in Philadelphia.</marc:subfield></marc:datafield><marc:datafield tag="520" ind1="8" ind2=" "><marc:subfield code="a">3 letters (ALS), including a letter of recommendation for R. G. Barclay to the Physicians and Surgeons of St. Joseph's Hospital.</marc:subfield></marc:datafield><marc:datafield tag="541" ind1=" " ind2=" "><marc:subfield code="a">Source unknown.</marc:subfield></marc:datafield><marc:datafield tag="600" ind1="1" ind2="0"><marc:subfield code="a">Agnew, D. Hayes</marc:subfield><marc:subfield code="q">(David Hayes),</marc:subfield><marc:subfield code="d">1818-1892.</marc:subfield></marc:datafield><marc:datafield tag="600" ind1="1" ind2="2"><marc:subfield code="a">Barclay, Robert Gulzlaff,</marc:subfield><marc:subfield code="d">1832-1876.</marc:subfield></marc:datafield><marc:datafield tag="710" ind1="2" ind2=" "><marc:subfield code="a">History of Medicine Collections (Duke University)</marc:subfield></marc:datafield></marc:record>