
<marc:record><marc:leader>00913ctm a2200217Ia 4500</marc:leader>
<marc:controlfield tag="001">002115121</marc:controlfield>
<marc:controlfield tag="005">20120106155342.0</marc:controlfield><marc:controlfield tag="008">960521s1821    mau           000 0 eng d</marc:controlfield><marc:datafield tag="035" ind1=" " ind2=" "><marc:subfield code="a">34768112</marc:subfield></marc:datafield><marc:datafield tag="040" ind1=" " ind2=" "><marc:subfield code="a">NDK</marc:subfield><marc:subfield code="c">NDK</marc:subfield><marc:subfield code="d">OCLCQ</marc:subfield><marc:subfield code="d">OCLCG</marc:subfield><marc:subfield code="d">NDD</marc:subfield></marc:datafield><marc:datafield tag="049" ind1=" " ind2=" "><marc:subfield code="a">NDDP</marc:subfield></marc:datafield><marc:datafield tag="100" ind1="1" ind2=" "><marc:subfield code="a">Adams, John,</marc:subfield><marc:subfield code="d">1735-1826.</marc:subfield></marc:datafield><marc:datafield tag="245" ind1="1" ind2="0"><marc:subfield code="a">John Adams letter,</marc:subfield><marc:subfield code="f">1821, Jun. 6,</marc:subfield><marc:subfield code="b">Quincy, Mass., to President James Monroe.</marc:subfield></marc:datafield><marc:datafield tag="300" ind1=" " ind2=" "><marc:subfield code="a">1</marc:subfield><marc:subfield code="f">item.</marc:subfield></marc:datafield><marc:datafield tag="500" ind1=" " ind2=" "><marc:subfield code="a">Forms part of the History of Medicine Trent Manuscripts Collection.</marc:subfield></marc:datafield><marc:datafield tag="545" ind1=" " ind2=" "><marc:subfield code="a">Second president of the United States (1797-1801).</marc:subfield></marc:datafield><marc:datafield tag="520" ind1="8" ind2=" "><marc:subfield code="a">In this letter (ALS) to President James Monroe, Adams forwards a letter of Benjamin Waterhouse and suggests that Waterhouse's present difficulties are a result of his outspoken support of &quot;the Union.&quot;</marc:subfield></marc:datafield><marc:datafield tag="541" ind1=" " ind2=" "><marc:subfield code="a">Source unknown.</marc:subfield></marc:datafield><marc:datafield tag="600" ind1="1" ind2="0"><marc:subfield code="a">Adams, John,</marc:subfield><marc:subfield code="d">1735-1826.</marc:subfield></marc:datafield><marc:datafield tag="600" ind1="1" ind2="2"><marc:subfield code="a">Monroe, James,</marc:subfield><marc:subfield code="d">1758-1831.</marc:subfield></marc:datafield><marc:datafield tag="600" ind1="1" ind2="2"><marc:subfield code="a">Waterhouse, Benjamin,</marc:subfield><marc:subfield code="d">1754-1846.</marc:subfield></marc:datafield></marc:record>